3035 4726
1707 335 1787 400 54

856 517 1088 584 Versus
1134 520 1192 597 1,
1235 519 1276 582 4
1321 517 1574 602 quidem
1619 520 1920 599 („tanzen
1962 517 2092 580 und
2133 514 2508 603 springen“)
2554 539 2690 582 una
2729 518 2864 603 syl-

658 619 807 685 laba
849 619 1214 684 decurtatus
1242 621 1371 692 estz
1412 616 1520 682 sed
1557 614 1666 682 vix
1693 614 2050 680 emendatio
2077 621 2190 693 est,
2233 617 2288 682 si
2316 617 2566 696 „unde“
2598 617 2862 708 recipis,

655 739 817 803 quae
856 719 1062 788 forma
1102 715 1273 782 haud
1312 714 1501 780 dubie
1553 714 1750 781 etiam
1814 713 1980 798 apud
2021 713 2395 781 Mai-nerum
2445 739 2576 782 non
2632 719 2864 803 paucis

656 817 809 884 locis
848 822 1100 884 servata
1142 815 1292 881 huie
1332 834 1577 898 quoque
1620 811 1828 878 versui
1870 811 2218 896 tripodiam
2259 811 2470 878 reddit
2501 813 2858 880 iambicam

654 915 1149 984 acatalecticam.
1236 911 1313 978 In
1355 932 1538 976 versu
1581 911 1639 986 2,
1698 910 1730 972 1
1793 908 1948 990 (,,ιιι“ι
1998 913 2186 975 vrout
2242 911 2379 976 sich
2435 911 2548 976 diu
2596 913 2860 1000 heide“)

653 1039 783 1082 non
822 1015 1067 1100 optima
1108 1018 1206 1078 est
1232 1015 1554 1078 structura
1583 1029 2006 1086 numerorum,
2050 1007 2156 1074 sed
2183 1009 2340 1074 ferri
2368 1015 2597 1095 potest.
2662 1011 2856 1102 Mag·

655 1137 887 1200 nopere
932 1118 1143 1178 autem
1184 1111 1515 1176 offenderis
1571 1131 1644 1176 eo
1708 1108 1873 1192 quod
1933 1131 2144 1174 versus
2207 1112 2264 1188 3,
2318 1112 2360 1174 4
2412 1111 2599 1194 (swer
2645 1117 2704 1178 si
2750 1114 2856 1179 des

622 1199 893 1297 stende)
934 1212 1145 1277 thesin
1187 1211 1435 1276 omittit
1476 1210 1771 1295 primam,
1816 1230 1960 1273 cum
2001 1230 2129 1272 non
2171 1211 2374 1276 solum
2416 1211 2529 1294 qui
2569 1213 2854 1287 eundem

653 1313 893 1378 habent
921 1312 989 1376 ιιι
1018 1311 1244 1377 ceteris
1270 1311 1550 1396 strophis
1579 1311 1802 1388 locum,
1845 1309 1953 1374 sed
1980 1309 2176 1374 etiam
2202 1311 2316 1395 qui
2335 1311 2484 1376 huic
2506 1313 2852 1397 respondet

654 1414 725 1478 in
784 1413 994 1498 primo
1056 1413 1337 1484 membro
1398 1411 1760 1496 systematis
1820 1411 2178 1496 praemissi,
2263 1411 2502 1478 iustum
2565 1413 2848 1484 thesium

653 1535 985 1580 numerum
1026 1515 1368 1599 porrigant
1428 1534 1628 1595 neque
1691 1513 1829 1576 ulla
1893 1511 2110 1578 afferri
2152 1512 2348 1598 possit
2401 1534 2616 1591 causa,
2684 1535 2841 1596 quae

654 1611 819 1676 hane
863 1611 1188 1678 licentiam
1230 1610 1336 1676 hic
1378 1614 1646 1674 excuset.

853 1710 1092 1776 Contra
1145 1711 1200 1776 si
1249 1733 1285 1774 e
1342 1709 1615 1793 dactylis
1679 1729 1890 1773 versus
1953 1706 2065 1774 hos
2127 1714 2416 1776 constare
2479 1711 2834 1787 statuimus,

652 1811 811 1876 bene
850 1815 1056 1874 metro
1098 1833 1161 1874 se
1205 1808 1695 1885 accommodant,
1751 1808 1846 1874 ita
1888 1813 1962 1872 ut
2005 1809 2340 1874 anacrusin
2380 1812 2836 1896 praemittant:

1053 1913 1107 1976 1.
1157 1913 1214 1976 1.
1303 1910 1408 1974 ich
1450 1909 1562 1975 wil
1605 1909 1757 1974 aber
1799 1908 2039 1993 singen.

1048 2011 1107 2074 2.
1154 2011 1208 2074 1.
1294 2013 1383 2076 nfi
1423 2011 1610 2074 vriil'it
1651 2008 1787 2073 sich
1829 2007 1938 2075 diu
1982 2008 2182 2074 heide.

1048 2111 1104 2172 2.
1149 2109 1207 2172 4.
1294 2108 1459 2174 noch
1502 2109 1638 2175 lebe
1683 2106 1788 2172 ich
1829 2107 1951 2172 mit
1974 2107 2174 2174 laide.

890 2289 893 2296 Ι
1047 2209 1125 2286 4.,
1152 2208 1211 2272 4.
1300 2207 1406 2272 ich
1447 2207 1561 2272 bin
1601 2207 1712 2272 der
1753 2207 1808 2272 si
1849 2207 2104 2274 meinet.

849 2306 1083 2373 Versus
1126 2307 1380 2393 quidem
1426 2309 1481 2387 1,
1525 2309 1567 2372 4
1631 2307 1888 2391 (tannen
1947 2307 2078 2375 und
2139 2306 2468 2395 springen)
2531 2315 2598 2375 et
2657 2312 2732 2389 3,
2787 2310 2828 2377 4

630 2406 833 2491 ⁴(swe'r
874 2408 930 2485 si
970 2406 1075 2475 des
1116 2408 1356 2493 wende)
1400 2408 1690 2475 anacrusi
1731 2415 1982 2485 carent3
2024 2408 2132 2475 sed
2173 2408 2246 2473 id·
2280 2410 2350 2474 in
2389 2410 2672 2497 carmine
2701 2409 2830 2475 eius

643 2510 901 2595 generis
944 2532 1033 2575 ec.
1057 2510 1266 2577 minus
1307 2509 1607 2575 vitiosum
1648 2514 1762 2587 est,
1794 2511 1984 2595 «quod
2026 2517 2292 2595 uterque
2333 2532 2547 2575 versus
2587 2510 2826 2593 primus

644 2614 753 2673 est.
769 2632 967 2675 novae
995 2607 1293 2699 carminis
1318 2608 1542 2691 partis,
1573 2606 1863 2693 (uterque
1891 2612 1985 2673 est
2011 2608 2254 2693 primus
2275 2609 2540 2676 alterius
2561 2609 2826 2676 membri

636 2702 1009 2794 systematis
1048 2707 1421 2795 praemissi).
1507 2708 1708 2773 Porro
1749 2709 1818 2773 in
1861 2732 1930 2775 vs
1971 2707 2468 2791 3‚1‚‚st1·iende
2515 2709 2586 2773 in
2627 2714 2826 2774 miner

628 2798 895 2875 ἷιιόιιάθ“
938 2813 1005 2875 et
1045 2808 1127 2884 4,
1152 2809 1249 2884 1,
1255 2806 1359 2887 ‚ist
1402 2807 1461 2873 ir
1503 2807 1690 2877 hez-ze
1733 2808 2077 2875 ersteinet“
2119 2810 2300 2875 nobis
2343 2808 2596 2902 quidem
2639 2810 2826 2883 verba

632 2910 919 2975 momentu
961 2906 1381 2995 grammatico
1424 2907 1648 2975 vitiose
1689 2910 1980 2993 neglecto
2035 2910 2312 2977 numeris
2373 2891 2658 2976 subiecta
2705 2928 2825 2978 esse,

626 3006 1013 3080 videantur·
1074 3008 1182 3081 sed
1245 3008 1405 3071 tales
1462 3008 1746 3091 dactylos
1795 3012 2050 3093 poetae
2081 3008 2278 3075 medii
2331 3008 2472 3073 aevi
2513 3010 2639 3075 sibi
2679 3032 2822 3075 con·-⁸

650 3108 956 3173 cedebant
1000 3108 1271 3191 (Walth.
1320 3110 1423 3172 59·
1470 3132 1585 3173 uns
1628 3108 1744 3174 hat
1771 3109 1882 3175 der
1910 3110 2141 3176 winter
2168 3088 2508 3195 geschadet
2534 3112 2691 3175 iiber
2717 3110 2821 3193 al.)

632 3208 721 3275 -Si
762 3208 905 3293 quis
931 3210 1121 3286 velit,
1165 3213 1241 3273 ut
1282 3213 1573 3273 accentus
1615 3209 2068 3294 grammaticus
2107 3210 2337 3276 melius
2379 3232 2526 3275 cum
2565 3212 2821 3275 metrico.

648 3315 978 3393 congruat,
1016 3309 1117 3373 ita
1158 3309 1367 3396 legere
1408 3330 1656 3374 versum
1697 3311 1756 3387 4,
1806 3312 1868 3374 1:
1935 3310 2061 3389 „ist
2116 3310 2203 3375 ιι·
2233 3309 2418 3378 hene
2463 3311 2810 3386 ersteinet‘&

637 3408 993 3507 ‘monendus
1032 3412 1152 3485 est,
1170 3430 1277 3473 ne
1333 3414 1664 3493 praeterea
1707 3410 1870 3493 quod
1913 3359 2128 3475 hiatus
2169 3432 2318 3477 non
2311 3412 2553 3524 placet
2592 3417 2814 3478 temere

642 3508 989 3589 anacrusin
1029 3508 1411 3593 bisyllabam
1453 3515 1676 3594 poetae
1719 3510 2014 3588 vindicet,
2060 3510 2234 3575 cuius
2277 3510 2373 3577 rei
2413 3510 2590 3575 aliud
2619 3532 2814 3575 exem-

640 3609 836 3693 plum
870 3609 1209 3693 probatum
1252 3609 1417 3693 apud
1460 3632 1604 3673 eum
1645 3633 1772 3674 ιιοιι
1816 3610 2047 3675 inveni.

854 3706 1078 3791 Itaque
1122 3729 1262 3771 cum
1290 3709 1499 3773 nullus
1527 3731 1737 3775 versus
1763 3732 2090 3775 mensurae
2119 3711 2468 3796 dactylicae
2497 3715 2810 3797 repugnet,

645 3827 789 3878 cum
838 3808 1116 3891 proximi
1156 3814 1570 3892 systematum
1611 3812 2094 3895 praemissorum
2145 3835 2354 3877 versus
2403 3836 2658 3899 prorsus
2695 3812 2810 3875 sint

643 3908 894 3989 rythmi
935 3909 1238 3993 dactylici
1293 3914 1685 3995 metrumque
1749 3913 1880 3977 tale
1943 3913 2100 3976 bene
2153 3911 2489 3977 conveniat
2540 3911 2621 3976 ad
2671 3909 2810 3976 haee

643 4008 933 4073 carmina
976 4010 1045 4073 in
1086 4009 1376 4075 saltando
1418 4016 1697 4088 cantata,
1754 3998 1960 4075 totum
2001 4016 2276 4094 systema
2323 4010 2731 4095 praemissum
2776 4031 2806 4072 e

641 4105 919 4189 dactylis
962 4116 1247 4174 constare
1288 4110 1471 4174 dices.

840 4202 1165 4290 ,Dactylici
1194 4207 1459 4289 denique
1486 4205 1735 4289 rythmi
1762 4211 1856 4271 est
1882 4206 2078 4271 etiam
2105 4208 2290 4293 epodi
2313 4208 2573 4273 ultimus
2597 4230 2804 4285 versus,
