<?xml version="1.0" encoding="UTF-8"?>
<!DOCTYPE html PUBLIC "-//W3C//DTD XHTML 1.0 Transitional//EN"
    "http://www.w3.org/TR/xhtml1/DTD/xhtml1-transitional.dtd">
<html xmlns="http://www.w3.org/1999/xhtml" xml:lang="en" lang="en">
 <head>
  <title>
</title>
<meta http-equiv="Content-Type" content="text/html;charset=utf-8" />
  <meta name='ocr-system' content='tesseract 3.04.00' />
  <meta name='ocr-capabilities' content='ocr_page ocr_carea ocr_par ocr_line ocrx_word'/>
</head>
<body>
  <div class='ocr_page' id='page_1' title='image "./devitaetcarmini00schngoog_0087.png"; bbox 0 0 3035 4726; ppageno 0'>
   <div class='ocr_carea' id='block_1_1' title="bbox 1723 343 1800 406">
    <p class='ocr_par' dir='ltr' id='par_1_1' title="bbox 1723 343 1800 406">
     <span class='ocr_line' id='line_1_1' title="bbox 1723 343 1800 406; baseline 0 0"><span class='ocrx_word' id='word_1_1' title='bbox 1723 343 1800 406; x_wconf 89' lang='lat'><strong>80</strong></span> 
     </span>
    </p>
   </div>
   <div class='ocr_carea' id='block_1_2' title="bbox 665 523 2854 4293">
    <p class='ocr_par' dir='ltr' id='par_1_2' title="bbox 665 523 2854 1106">
     <span class='ocr_line' id='line_1_2' title="bbox 672 523 2853 610; baseline -0 -20"><span class='ocrx_word' id='word_1_2' title='bbox 672 525 939 610; x_wconf 79' lang='lat' dir='ltr'><strong>syllaba.</strong></span> <span class='ocrx_word' id='word_1_3' title='bbox 1026 524 1103 590; x_wconf 89' lang='lat' dir='ltr'><strong>In</strong></span> <span class='ocrx_word' id='word_1_4' title='bbox 1146 524 1404 610; x_wconf 76' lang='lat' dir='ltr'><strong>rythmo</strong></span> <span class='ocrx_word' id='word_1_5' title='bbox 1446 547 1638 588; x_wconf 80' lang='lat' dir='ltr'><strong>aureo</strong></span> <span class='ocrx_word' id='word_1_6' title='bbox 1687 523 1956 608; x_wconf 90' lang='lat' dir='ltr'><strong>denique</strong></span> <span class='ocrx_word' id='word_1_7' title='bbox 2009 546 2219 589; x_wconf 80' lang='lat' dir='ltr'><strong>versus</strong></span> <span class='ocrx_word' id='word_1_8' title='bbox 2269 524 2853 609; x_wconf 78' lang='lat' dir='ltr'><strong>antepaenultimus</strong></span> 
     </span>
     <span class='ocr_line' id='line_1_3' title="bbox 668 622 2854 710; baseline -0.001 -21"><span class='ocrx_word' id='word_1_9' title='bbox 668 624 1010 691; x_wconf 85' lang='lat' dir='ltr'><strong>dimetrum</strong></span> <span class='ocrx_word' id='word_1_10' title='bbox 1038 624 1479 710; x_wconf 73' lang='lat' dir='ltr'><strong>complectitur</strong></span> <span class='ocrx_word' id='word_1_11' title='bbox 1508 623 1848 688; x_wconf 77' lang='lat' dir='ltr'><strong>iambicum</strong></span> <span class='ocrx_word' id='word_1_12' title='bbox 1877 622 2373 699; x_wconf 76' lang='lat' dir='ltr'><strong>acatalecticum,</strong></span> <span class='ocrx_word' id='word_1_13' title='bbox 2418 623 2854 707; x_wconf 75' lang='lat' dir='ltr'><strong>paenultimus</strong></span> 
     </span>
     <span class='ocr_line' id='line_1_4' title="bbox 665 723 2852 812; baseline -0.003 -21"><span class='ocrx_word' id='word_1_14' title='bbox 665 726 1063 812; x_wconf 73' lang='lat' dir='ltr'><strong>septenarius</strong></span> <span class='ocrx_word' id='word_1_15' title='bbox 1124 730 1219 790; x_wconf 89' lang='lat' dir='ltr'><strong>est</strong></span> <span class='ocrx_word' id='word_1_16' title='bbox 1281 725 1615 811; x_wconf 72' lang='lat' dir='ltr'><strong>iambicus3</strong></span> <span class='ocrx_word' id='word_1_17' title='bbox 1693 724 1762 790; x_wconf 84' lang='lat' dir='ltr'><strong>iu</strong></span> <span class='ocrx_word' id='word_1_18' title='bbox 1825 733 2040 790; x_wconf 79' lang='lat' dir='ltr'><strong>nostro</strong></span> <span class='ocrx_word' id='word_1_19' title='bbox 2101 723 2384 790; x_wconf 87' lang='lat' dir='ltr'><strong>continet</strong></span> <span class='ocrx_word' id='word_1_20' title='bbox 2448 724 2560 786; x_wconf 85' lang='lat' dir='ltr'><strong>ille</strong></span> <span class='ocrx_word' id='word_1_21' title='bbox 2625 745 2852 787; x_wconf 83' lang='lat' dir='ltr'><strong>novem</strong></span> 
     </span>
     <span class='ocr_line' id='line_1_5' title="bbox 672 821 2854 908; baseline -0.002 -18"><span class='ocrx_word' id='word_1_22' title='bbox 672 848 838 890; x_wconf 81' lang='lat' dir='ltr'><strong>arses</strong></span> <span class='ocrx_word' id='word_1_23' title='bbox 878 831 945 890; x_wconf 87' lang='lat' dir='ltr'><strong>et</strong></span> <span class='ocrx_word' id='word_1_24' title='bbox 1000 823 1360 899; x_wconf 79' lang='lat' dir='ltr'><strong>anacmsin,</strong></span> <span class='ocrx_word' id='word_1_25' title='bbox 1425 821 1689 888; x_wconf 80' lang='lat' dir='ltr'><strong>eandem</strong></span> <span class='ocrx_word' id='word_1_26' title='bbox 1753 821 1858 886; x_wconf 78' lang='lat' dir='ltr'><strong>liic</strong></span> <span class='ocrx_word' id='word_1_27' title='bbox 1917 828 1984 886; x_wconf 89' lang='lat' dir='ltr'><strong>et</strong></span> <span class='ocrx_word' id='word_1_28' title='bbox 2026 831 2328 908; x_wconf 79' lang='lat' dir='ltr'><strong>quattuor</strong></span> <span class='ocrx_word' id='word_1_29' title='bbox 2383 844 2567 886; x_wconf 80' lang='lat' dir='ltr'><strong>arses.</strong></span> <span class='ocrx_word' id='word_1_30' title='bbox 2657 822 2854 905; x_wconf 83' lang='lat' dir='ltr'>Leges</span> 
     </span>
     <span class='ocr_line' id='line_1_6' title="bbox 670 915 2853 1006; baseline -0.002 -18"><span class='ocrx_word' id='word_1_31' title='bbox 670 923 971 988; x_wconf 76' lang='lat' dir='ltr'><strong>metricae</strong></span> <span class='ocrx_word' id='word_1_32' title='bbox 998 928 1066 986; x_wconf 89' lang='lat' dir='ltr'><strong>et</strong></span> <span class='ocrx_word' id='word_1_33' title='bbox 1094 918 1447 1006; x_wconf 74' lang='lat' dir='ltr'><strong>rythmicae</strong></span> <span class='ocrx_word' id='word_1_34' title='bbox 1470 945 1508 985; x_wconf 79' lang='lat' dir='ltr'><strong>a</strong></span> <span class='ocrx_word' id='word_1_35' title='bbox 1538 927 1724 1006; x_wconf 73' lang='lat' dir='ltr'><strong>poeta</strong></span> <span class='ocrx_word' id='word_1_36' title='bbox 1753 915 2078 986; x_wconf 72' lang='lat' dir='ltr'><strong>adhibitae</strong></span> <span class='ocrx_word' id='word_1_37' title='bbox 2105 919 2377 987; x_wconf 81' lang='lat' dir='ltr'><strong>eiusdem</strong></span> <span class='ocrx_word' id='word_1_38' title='bbox 2403 929 2554 985; x_wconf 82' lang='lat' dir='ltr'><strong>sunt</strong></span> <span class='ocrx_word' id='word_1_39' title='bbox 2581 927 2853 986; x_wconf 77' lang='lat' dir='ltr'><strong>naturae</strong></span> 
     </span>
     <span class='ocr_line' id='line_1_7' title="bbox 670 1017 2324 1106; baseline -0.001 -20"><span class='ocrx_word' id='word_1_40' title='bbox 670 1025 861 1106; x_wconf 75' lang='lat' dir='ltr'><strong>atque</strong></span> <span class='ocrx_word' id='word_1_41' title='bbox 905 1018 974 1083; x_wconf 88' lang='lat' dir='ltr'><strong>in</strong></span> <span class='ocrx_word' id='word_1_42' title='bbox 1014 1018 1399 1084; x_wconf 70' lang='lat' dir='ltr'><strong>carminibus</strong></span> <span class='ocrx_word' id='word_1_43' title='bbox 1442 1018 1612 1084; x_wconf 79' lang='lat' dir='ltr'><strong>haud</strong></span> <span class='ocrx_word' id='word_1_44' title='bbox 1653 1019 1838 1084; x_wconf 90' lang='lat' dir='ltr'><strong>dubie</strong></span> <span class='ocrx_word' id='word_1_45' title='bbox 1883 1017 2324 1086; x_wconf 75' lang='lat' dir='ltr'><strong>Maruerianis.</strong></span> 
     </span>
    </p>

    <p class='ocr_par' dir='ltr' id='par_1_3' title="bbox 668 1116 2852 1904">
     <span class='ocr_line' id='line_1_8' title="bbox 866 1116 2851 1204; baseline -0.001 -22"><span class='ocrx_word' id='word_1_46' title='bbox 866 1116 1043 1194; x_wconf 83' lang='lat' dir='ltr'><strong>Quod</strong></span> <span class='ocrx_word' id='word_1_47' title='bbox 1084 1117 1153 1182; x_wconf 88' lang='lat' dir='ltr'><strong>in</strong></span> <span class='ocrx_word' id='word_1_48' title='bbox 1196 1133 1373 1182; x_wconf 81' lang='lat' dir='ltr'><strong>versu</strong></span> <span class='ocrx_word' id='word_1_49' title='bbox 1420 1120 1475 1184; x_wconf 83' lang='lat'><strong>7.</strong></span> <span class='ocrx_word' id='word_1_50' title='bbox 1523 1118 1842 1184; x_wconf 77' lang='lat' dir='ltr'><strong>anserusis</strong></span> <span class='ocrx_word' id='word_1_51' title='bbox 1883 1118 2110 1184; x_wconf 76' lang='lat' dir='ltr'><strong>omissa</strong></span> <span class='ocrx_word' id='word_1_52' title='bbox 2137 1125 2252 1199; x_wconf 87' lang='lat' dir='ltr'><strong>est,</strong></span> <span class='ocrx_word' id='word_1_53' title='bbox 2296 1142 2440 1202; x_wconf 85' lang='lat' dir='ltr'><strong>cum</strong></span> <span class='ocrx_word' id='word_1_54' title='bbox 2469 1119 2709 1184; x_wconf 81' lang='lat' dir='ltr'><strong>habeat</strong></span> <span class='ocrx_word' id='word_1_55' title='bbox 2745 1119 2851 1204; x_wconf 90' lang='lat' dir='ltr'><strong>qui</strong></span> 
     </span>
     <span class='ocr_line' id='line_1_9' title="bbox 672 1215 2852 1304; baseline 0.002 -26"><span class='ocrx_word' id='word_1_56' title='bbox 672 1215 772 1280; x_wconf 93' lang='lat' dir='ltr'><strong>illi</strong></span> <span class='ocrx_word' id='word_1_57' title='bbox 816 1215 1147 1300; x_wconf 75' lang='lat' dir='ltr'><strong>respondet</strong></span> <span class='ocrx_word' id='word_1_58' title='bbox 1189 1239 1399 1282; x_wconf 84' lang='lat' dir='ltr'><strong>versus</strong></span> <span class='ocrx_word' id='word_1_59' title='bbox 1441 1221 1520 1295; x_wconf 80' lang='grc'><strong>9.,</strong></span> <span class='ocrx_word' id='word_1_60' title='bbox 1567 1218 1632 1284; x_wconf 91' lang='lat' dir='ltr'><strong>id</strong></span> <span class='ocrx_word' id='word_1_61' title='bbox 1673 1240 1800 1282; x_wconf 84' lang='lat' dir='ltr'><strong>nou</strong></span> <span class='ocrx_word' id='word_1_62' title='bbox 1845 1219 2348 1302; x_wconf 77' lang='lat' dir='ltr'><strong>vituperandum,</strong></span> <span class='ocrx_word' id='word_1_63' title='bbox 2393 1220 2560 1304; x_wconf 89' lang='lat' dir='ltr'><strong>quod</strong></span> <span class='ocrx_word' id='word_1_64' title='bbox 2588 1220 2852 1284; x_wconf 78' lang='lat' dir='ltr'><strong>initium</strong></span> 
     </span>
     <span class='ocr_line' id='line_1_10' title="bbox 670 1313 2852 1402; baseline -0.001 -20"><span class='ocrx_word' id='word_1_65' title='bbox 670 1322 765 1382; x_wconf 87' lang='lat' dir='ltr'><strong>est</strong></span> <span class='ocrx_word' id='word_1_66' title='bbox 814 1317 1084 1381; x_wconf 82' lang='lat' dir='ltr'><strong>membri</strong></span> <span class='ocrx_word' id='word_1_67' title='bbox 1135 1317 1388 1384; x_wconf 89' lang='lat' dir='ltr'><strong>metrici</strong></span> <span class='ocrx_word' id='word_1_68' title='bbox 1438 1313 1799 1402; x_wconf 52' lang='lat' dir='ltr'><strong>verbisque}</strong></span> <span class='ocrx_word' id='word_1_69' title='bbox 1863 1321 2066 1397; x_wconf 80' lang='lat' dir='ltr'><strong>„aller</strong></span> <span class='ocrx_word' id='word_1_70' title='bbox 2117 1321 2286 1384; x_wconf 72' lang='lat' dir='ltr'><strong>selen</strong></span> <span class='ocrx_word' id='word_1_71' title='bbox 2340 1320 2445 1384; x_wconf 88' lang='lat' dir='ltr'><strong>ein</strong></span> <span class='ocrx_word' id='word_1_72' title='bbox 2489 1320 2852 1386; x_wconf 77' lang='lat' dir='ltr'><strong>liuhtevaz“</strong></span> 
     </span>
     <span class='ocr_line' id='line_1_11' title="bbox 670 1415 2852 1504; baseline -0 -23"><span class='ocrx_word' id='word_1_73' title='bbox 670 1415 1021 1500; x_wconf 74' lang='lat' dir='ltr'><strong>alloquitur</strong></span> <span class='ocrx_word' id='word_1_74' title='bbox 1082 1423 1271 1502; x_wconf 78' lang='lat' dir='ltr'><strong>poeta</strong></span> <span class='ocrx_word' id='word_1_75' title='bbox 1333 1417 1650 1502; x_wconf 79' lang='lat' dir='ltr'><strong>virginem</strong></span> <span class='ocrx_word' id='word_1_76' title='bbox 1718 1419 2019 1484; x_wconf 78' lang='lat' dir='ltr'><strong>divinum.</strong></span> <span class='ocrx_word' id='word_1_77' title='bbox 2115 1418 2406 1504; x_wconf 81' lang='lat' dir='ltr'><strong>Ceterum</strong></span> <span class='ocrx_word' id='word_1_78' title='bbox 2467 1441 2852 1504; x_wconf 82' lang='lat' dir='ltr'><strong>quamquam</strong></span> 
     </span>
     <span class='ocr_line' id='line_1_12' title="bbox 671 1518 2852 1606; baseline -0 -25"><span class='ocrx_word' id='word_1_79' title='bbox 671 1518 911 1584; x_wconf 78' lang='lat' dir='ltr'><strong>littera.</strong></span> <span class='ocrx_word' id='word_1_80' title='bbox 936 1525 1053 1594; x_wconf 70' lang='lat'><strong>„6⁶⁸</strong></span> <span class='ocrx_word' id='word_1_81' title='bbox 1097 1519 1167 1582; x_wconf 89' lang='lat' dir='ltr'><strong>in</strong></span> <span class='ocrx_word' id='word_1_82' title='bbox 1210 1520 1458 1595; x_wconf 76' lang='lat' dir='ltr'><strong>„selen“</strong></span> <span class='ocrx_word' id='word_1_83' title='bbox 1503 1541 1618 1604; x_wconf 87' lang='lat' dir='ltr'><strong>per</strong></span> <span class='ocrx_word' id='word_1_84' title='bbox 1657 1541 1972 1606; x_wconf 77' lang='lat' dir='ltr'><strong>syncopen</strong></span> <span class='ocrx_word' id='word_1_85' title='bbox 2011 1532 2154 1606; x_wconf 83' lang='lat' dir='ltr'><strong>post</strong></span> <span class='ocrx_word' id='word_1_86' title='bbox 2197 1518 2510 1603; x_wconf 84' lang='lat' dir='ltr'><strong>liquidam</strong></span> <span class='ocrx_word' id='word_1_87' title='bbox 2553 1520 2661 1596; x_wconf 69' lang='lat'><strong>„1⁶⁶</strong></span> <span class='ocrx_word' id='word_1_88' title='bbox 2705 1520 2852 1582; x_wconf 86' lang='lat' dir='ltr'><strong>sub-</strong></span> 
     </span>
     <span class='ocr_line' id='line_1_13' title="bbox 672 1618 2848 1704; baseline -0.001 -21"><span class='ocrx_word' id='word_1_89' title='bbox 672 1618 807 1683; x_wconf 81' lang='lat' dir='ltr'><strong>lata</strong></span> <span class='ocrx_word' id='word_1_90' title='bbox 849 1641 975 1684; x_wconf 86' lang='lat' dir='ltr'><strong>esse</strong></span> <span class='ocrx_word' id='word_1_91' title='bbox 1016 1624 1241 1704; x_wconf 87' lang='lat' dir='ltr'><strong>potest,</strong></span> <span class='ocrx_word' id='word_1_92' title='bbox 1288 1641 1413 1682; x_wconf 87' lang='lat' dir='ltr'><strong>non</strong></span> <span class='ocrx_word' id='word_1_93' title='bbox 1454 1619 1663 1682; x_wconf 89' lang='lat' dir='ltr'><strong>minus</strong></span> <span class='ocrx_word' id='word_1_94' title='bbox 1707 1620 1860 1682; x_wconf 87' lang='lat' dir='ltr'><strong>bene</strong></span> <span class='ocrx_word' id='word_1_95' title='bbox 1903 1618 2174 1684; x_wconf 85' lang='lat' dir='ltr'><strong>scribere</strong></span> <span class='ocrx_word' id='word_1_96' title='bbox 2217 1641 2536 1704; x_wconf 87' lang='lat' dir='ltr'><strong>possumus</strong></span> <span class='ocrx_word' id='word_1_97' title='bbox 2579 1620 2848 1695; x_wconf 50' lang='lat' dir='ltr'><strong>„selen‘ss</strong></span> 
     </span>
     <span class='ocr_line' id='line_1_14' title="bbox 669 1715 2849 1802; baseline 0 -22"><span class='ocrx_word' id='word_1_98' title='bbox 669 1715 767 1782; x_wconf 79' lang='lat' dir='ltr'><strong>ita</strong></span> <span class='ocrx_word' id='word_1_99' title='bbox 806 1722 881 1783; x_wconf 89' lang='lat' dir='ltr'><strong>ut</strong></span> <span class='ocrx_word' id='word_1_100' title='bbox 922 1717 1241 1782; x_wconf 77' lang='lat' dir='ltr'><strong>unucrusis</strong></span> <span class='ocrx_word' id='word_1_101' title='bbox 1282 1717 1662 1784; x_wconf 71' lang='lat' dir='ltr'><strong>restituatur</strong></span> <span class='ocrx_word' id='word_1_102' title='bbox 1705 1716 1893 1800; x_wconf 87' lang='lat' dir='ltr'><strong>inque</strong></span> <span class='ocrx_word' id='word_1_103' title='bbox 1935 1717 2159 1802; x_wconf 87' lang='lat' dir='ltr'><strong>primis</strong></span> <span class='ocrx_word' id='word_1_104' title='bbox 2189 1717 2394 1782; x_wconf 81' lang='lat' dir='ltr'><strong>verbis</strong></span> <span class='ocrx_word' id='word_1_105' title='bbox 2425 1717 2610 1781; x_wconf 81' lang='lat' dir='ltr'><strong>huius</strong></span> <span class='ocrx_word' id='word_1_106' title='bbox 2640 1739 2849 1781; x_wconf 84' lang='lat' dir='ltr'><strong>versus</strong></span> 
     </span>
     <span class='ocr_line' id='line_1_15' title="bbox 668 1818 1370 1904; baseline -0.001 -21"><span class='ocrx_word' id='word_1_107' title='bbox 668 1822 961 1883; x_wconf 77' lang='lat' dir='ltr'><strong>accentus</strong></span> <span class='ocrx_word' id='word_1_108' title='bbox 1000 1818 1087 1882; x_wconf 91' lang='lat' dir='ltr'><strong>sit</strong></span> <span class='ocrx_word' id='word_1_109' title='bbox 1130 1839 1370 1904; x_wconf 81' lang='lat' dir='ltr'><strong>anceps.</strong></span> 
     </span>
    </p>

    <p class='ocr_par' dir='ltr' id='par_1_4' title="bbox 668 1915 2847 2601">
     <span class='ocr_line' id='line_1_16' title="bbox 868 1915 2846 2004; baseline -0.002 -22"><span class='ocrx_word' id='word_1_110' title='bbox 868 1916 947 1982; x_wconf 91' lang='lat' dir='ltr'><strong>In</strong></span> <span class='ocrx_word' id='word_1_111' title='bbox 1009 1917 1218 2004; x_wconf 90' lang='lat' dir='ltr'><strong>primo</strong></span> <span class='ocrx_word' id='word_1_112' title='bbox 1284 1940 1490 1984; x_wconf 82' lang='lat' dir='ltr'><strong>versu:</strong></span> <span class='ocrx_word' id='word_1_113' title='bbox 1558 1920 1734 1996; x_wconf 74' lang='lat' dir='ltr'><strong>„Ave</strong></span> <span class='ocrx_word' id='word_1_114' title='bbox 1783 1915 1994 1982; x_wconf 79' lang='lat' dir='ltr'><strong>Maria</strong></span> <span class='ocrx_word' id='word_1_115' title='bbox 2057 1917 2342 2001; x_wconf 80' lang='lat' dir='ltr'><strong>genaden</strong></span> <span class='ocrx_word' id='word_1_116' title='bbox 2405 1917 2551 1982; x_wconf 78' lang='lat' dir='ltr'><strong>vol“</strong></span> <span class='ocrx_word' id='word_1_117' title='bbox 2616 1915 2846 1980; x_wconf 77' lang='lat' dir='ltr'><strong>vocalis</strong></span> 
     </span>
     <span class='ocr_line' id='line_1_17' title="bbox 670 2014 2847 2104; baseline -0.001 -23"><span class='ocrx_word' id='word_1_118' title='bbox 670 2019 954 2101; x_wconf 77' lang='lat' dir='ltr'><strong>syllabae</strong></span> <span class='ocrx_word' id='word_1_119' title='bbox 999 2025 1159 2104; x_wconf 81' lang='lat' dir='ltr'><strong>„ge“</strong></span> <span class='ocrx_word' id='word_1_120' title='bbox 1204 2020 1274 2084; x_wconf 85' lang='lat' dir='ltr'><strong>in</strong></span> <span class='ocrx_word' id='word_1_121' title='bbox 1326 2018 1588 2103; x_wconf 76' lang='lat' dir='ltr'><strong>legendo</strong></span> <span class='ocrx_word' id='word_1_122' title='bbox 1643 2017 2089 2104; x_wconf 81' lang='lat' dir='ltr'><strong>supprimenda</strong></span> <span class='ocrx_word' id='word_1_123' title='bbox 2153 2023 2272 2094; x_wconf 82' lang='lat' dir='ltr'><strong>est,</strong></span> <span class='ocrx_word' id='word_1_124' title='bbox 2345 2015 2406 2080; x_wconf 85' lang='lat' dir='ltr'><strong>id</strong></span> <span class='ocrx_word' id='word_1_125' title='bbox 2467 2015 2632 2100; x_wconf 89' lang='lat' dir='ltr'><strong>quod</strong></span> <span class='ocrx_word' id='word_1_126' title='bbox 2685 2014 2847 2101; x_wconf 84' lang='lat' dir='ltr'><strong>apud</strong></span> 
     </span>
     <span class='ocr_line' id='line_1_18' title="bbox 675 2115 2845 2202; baseline -0.001 -23"><span class='ocrx_word' id='word_1_127' title='bbox 675 2115 1044 2187; x_wconf 80' lang='lat' dir='ltr'><strong>Marnerum</strong></span> <span class='ocrx_word' id='word_1_128' title='bbox 1084 2140 1211 2183; x_wconf 90' lang='lat' dir='ltr'><strong>non</strong></span> <span class='ocrx_word' id='word_1_129' title='bbox 1262 2139 1409 2182; x_wconf 81' lang='lat' dir='ltr'><strong>raro</strong></span> <span class='ocrx_word' id='word_1_130' title='bbox 1464 2124 1682 2184; x_wconf 79' lang='lat' dir='ltr'><strong>extare</strong></span> <span class='ocrx_word' id='word_1_131' title='bbox 1731 2139 1922 2202; x_wconf 82' lang='lat' dir='ltr'><strong>supra</strong></span> <span class='ocrx_word' id='word_1_132' title='bbox 1973 2117 2256 2201; x_wconf 78' lang='lat' dir='ltr'><strong>exposui3</strong></span> <span class='ocrx_word' id='word_1_133' title='bbox 2321 2138 2521 2200; x_wconf 86' lang='lat' dir='ltr'><strong>neque</strong></span> <span class='ocrx_word' id='word_1_134' title='bbox 2573 2115 2845 2183; x_wconf 75' lang='lat' dir='ltr'><strong>alienam</strong></span> 
     </span>
     <span class='ocr_line' id='line_1_19' title="bbox 668 2213 2843 2302; baseline -0.001 -23"><span class='ocrx_word' id='word_1_135' title='bbox 668 2236 799 2279; x_wconf 87' lang='lat' dir='ltr'><strong>esse</strong></span> <span class='ocrx_word' id='word_1_136' title='bbox 842 2237 881 2278; x_wconf 80' lang='lat' dir='ltr'>a</span> <span class='ocrx_word' id='word_1_137' title='bbox 922 2213 1218 2281; x_wconf 82' lang='lat' dir='ltr'><strong>Marnero</strong></span> <span class='ocrx_word' id='word_1_138' title='bbox 1260 2216 1529 2282; x_wconf 81' lang='lat' dir='ltr'><strong>formam</strong></span> <span class='ocrx_word' id='word_1_139' title='bbox 1573 2217 1743 2296; x_wconf 83' lang='lat' dir='ltr'><strong>,‚irs“</strong></span> <span class='ocrx_word' id='word_1_140' title='bbox 1785 2238 1902 2302; x_wconf 91' lang='lat' dir='ltr'><strong>pro</strong></span> <span class='ocrx_word' id='word_1_141' title='bbox 1944 2215 2149 2294; x_wconf 81' lang='lat' dir='ltr'><strong>„ires“</strong></span> <span class='ocrx_word' id='word_1_142' title='bbox 2192 2214 2372 2280; x_wconf 86' lang='lat' dir='ltr'><strong>dices.</strong></span> <span class='ocrx_word' id='word_1_143' title='bbox 2421 2251 2500 2260; x_wconf 88' lang='lat'><em>-</em></span> <span class='ocrx_word' id='word_1_144' title='bbox 2545 2214 2600 2279; x_wconf 80' lang='lat' dir='ltr'>E</span> <span class='ocrx_word' id='word_1_145' title='bbox 2641 2215 2843 2279; x_wconf 79' lang='lat' dir='ltr'><strong>verbis</strong></span> 
     </span>
     <span class='ocr_line' id='line_1_20' title="bbox 671 2313 2840 2405; baseline -0 -27"><span class='ocrx_word' id='word_1_146' title='bbox 671 2315 887 2393; x_wconf 81' lang='lat' dir='ltr'><strong>„kefs“</strong></span> <span class='ocrx_word' id='word_1_147' title='bbox 930 2321 1024 2382; x_wconf 88' lang='lat' dir='ltr'><strong>est</strong></span> <span class='ocrx_word' id='word_1_148' title='bbox 1066 2338 1192 2381; x_wconf 83' lang='lat' dir='ltr'><strong>non</strong></span> <span class='ocrx_word' id='word_1_149' title='bbox 1234 2339 1416 2405; x_wconf 80' lang='lat' dir='ltr'><strong>saepe</strong></span> <span class='ocrx_word' id='word_1_150' title='bbox 1459 2317 1801 2391; x_wconf 81' lang='lat' dir='ltr'><strong>usitatum3</strong></span> <span class='ocrx_word' id='word_1_151' title='bbox 1858 2315 1964 2381; x_wconf 89' lang='lat' dir='ltr'><strong>sed</strong></span> <span class='ocrx_word' id='word_1_152' title='bbox 2009 2313 2338 2379; x_wconf 73' lang='lat' dir='ltr'><strong>incidimus</strong></span> <span class='ocrx_word' id='word_1_153' title='bbox 2395 2314 2463 2379; x_wconf 89' lang='lat' dir='ltr'><strong>in</strong></span> <span class='ocrx_word' id='word_1_154' title='bbox 2507 2313 2672 2379; x_wconf 83' lang='lat' dir='ltr'><strong>idem</strong></span> <span class='ocrx_word' id='word_1_155' title='bbox 2717 2313 2840 2378; x_wconf 82' lang='lat' dir='ltr'><strong>iam</strong></span> 
     </span>
     <span class='ocr_line' id='line_1_21' title="bbox 671 2414 2839 2501; baseline -0.002 -20"><span class='ocrx_word' id='word_1_156' title='bbox 671 2414 809 2481; x_wconf 89' lang='lat' dir='ltr'><strong>XV.</strong></span> <span class='ocrx_word' id='word_1_157' title='bbox 860 2418 953 2481; x_wconf 85' lang='lat'><strong>13.</strong></span> <span class='ocrx_word' id='word_1_158' title='bbox 1005 2420 1079 2481; x_wconf 85' lang='lat'><strong>15</strong></span> <span class='ocrx_word' id='word_1_159' title='bbox 1122 2424 1189 2481; x_wconf 84' lang='lat' dir='ltr'><strong>et</strong></span> <span class='ocrx_word' id='word_1_160' title='bbox 1229 2417 1489 2481; x_wconf 79' lang='lat' dir='ltr'><strong>exhibet</strong></span> <span class='ocrx_word' id='word_1_161' title='bbox 1531 2415 1792 2489; x_wconf 81' lang='lat' dir='ltr'><strong>eandem</strong></span> <span class='ocrx_word' id='word_1_162' title='bbox 1833 2438 2032 2501; x_wconf 76' lang='lat' dir='ltr'><strong>paene</strong></span> <span class='ocrx_word' id='word_1_163' title='bbox 2080 2416 2458 2481; x_wconf 87' lang='lat' dir='ltr'><strong>locutionem</strong></span> <span class='ocrx_word' id='word_1_164' title='bbox 2513 2415 2588 2479; x_wconf 89' lang='lat' dir='ltr'><strong>de</strong></span> <span class='ocrx_word' id='word_1_165' title='bbox 2631 2415 2839 2479; x_wconf 79' lang='lat' dir='ltr'><strong>eadem</strong></span> 
     </span>
     <span class='ocr_line' id='line_1_22' title="bbox 669 2515 2514 2601; baseline -0.002 -19"><span class='ocrx_word' id='word_1_166' title='bbox 669 2516 881 2583; x_wconf 84' lang='lat' dir='ltr'><strong>Maria</strong></span> <span class='ocrx_word' id='word_1_167' title='bbox 922 2518 1105 2583; x_wconf 90' lang='lat' dir='ltr'><strong>Helb.</strong></span> <span class='ocrx_word' id='word_1_168' title='bbox 1156 2521 1249 2582; x_wconf 94' lang='grc'><strong>11.</strong></span> <span class='ocrx_word' id='word_1_169' title='bbox 1296 2518 1393 2583; x_wconf 83' lang='lat'><strong>53.</strong></span> <span class='ocrx_word' id='word_1_170' title='bbox 1440 2517 1763 2601; x_wconf 82' lang='lat' dir='ltr'><strong>[.,saelden</strong></span> <span class='ocrx_word' id='word_1_171' title='bbox 1805 2517 1939 2583; x_wconf 82' lang='lat' dir='ltr'><strong>kefs</strong></span> <span class='ocrx_word' id='word_1_172' title='bbox 1982 2518 2084 2581; x_wconf 84' lang='lat' dir='ltr'><strong>vol</strong></span> <span class='ocrx_word' id='word_1_173' title='bbox 2128 2515 2514 2597; x_wconf 58' lang='lat' dir='ltr'><strong>heilikeivn]</strong></span> 
     </span>
    </p>

    <p class='ocr_par' dir='ltr' id='par_1_5' title="bbox 666 2614 2844 3697">
     <span class='ocr_line' id='line_1_23' title="bbox 867 2614 2839 2703; baseline -0.004 -19"><span class='ocrx_word' id='word_1_174' title='bbox 867 2618 1043 2697; x_wconf 86' lang='lat' dir='ltr'><strong>Quod</strong></span> <span class='ocrx_word' id='word_1_175' title='bbox 1085 2619 1351 2703; x_wconf 90' lang='lat' dir='ltr'><strong>denique</strong></span> <span class='ocrx_word' id='word_1_176' title='bbox 1408 2620 1487 2684; x_wconf 78' lang='lat' dir='ltr'><strong>ad</strong></span> <span class='ocrx_word' id='word_1_177' title='bbox 1551 2640 1744 2703; x_wconf 82' lang='lat' dir='ltr'><strong>genus</strong></span> <span class='ocrx_word' id='word_1_178' title='bbox 1807 2618 2054 2683; x_wconf 87' lang='lat' dir='ltr'><strong>dicendi</strong></span> <span class='ocrx_word' id='word_1_179' title='bbox 2116 2621 2183 2681; x_wconf 91' lang='lat' dir='ltr'><strong>et</strong></span> <span class='ocrx_word' id='word_1_180' title='bbox 2246 2614 2324 2681; x_wconf 84' lang='lat' dir='ltr'><strong>ad</strong></span> <span class='ocrx_word' id='word_1_181' title='bbox 2385 2614 2839 2680; x_wconf 83' lang='lat' dir='ltr'><strong>sententiarum</strong></span> 
     </span>
     <span class='ocr_line' id='line_1_24' title="bbox 668 2714 2840 2803; baseline -0.003 -21"><span class='ocrx_word' id='word_1_182' title='bbox 668 2737 1019 2782; x_wconf 82' lang='lat' dir='ltr'><strong>connexum</strong></span> <span class='ocrx_word' id='word_1_183' title='bbox 1060 2718 1359 2803; x_wconf 82' lang='lat' dir='ltr'><strong>pertinet,</strong></span> <span class='ocrx_word' id='word_1_184' title='bbox 1404 2718 1702 2782; x_wconf 88' lang='lat' dir='ltr'><strong>dicuntur</strong></span> <span class='ocrx_word' id='word_1_185' title='bbox 1745 2718 1813 2781; x_wconf 90' lang='lat' dir='ltr'><strong>in</strong></span> <span class='ocrx_word' id='word_1_186' title='bbox 1856 2718 1976 2783; x_wconf 79' lang='lat' dir='ltr'><strong>hac</strong></span> <span class='ocrx_word' id='word_1_187' title='bbox 2004 2716 2267 2801; x_wconf 80' lang='lat' dir='ltr'><strong>stropha</strong></span> <span class='ocrx_word' id='word_1_188' title='bbox 2295 2722 2547 2781; x_wconf 79' lang='lat' dir='ltr'><strong>sanctae</strong></span> <span class='ocrx_word' id='word_1_189' title='bbox 2577 2714 2840 2797; x_wconf 80' lang='lat' dir='ltr'><strong>virginis</strong></span> 
     </span>
     <span class='ocr_line' id='line_1_25' title="bbox 672 2813 2842 2905; baseline -0.003 -22"><span class='ocrx_word' id='word_1_190' title='bbox 672 2819 883 2883; x_wconf 86' lang='lat' dir='ltr'><strong>laudes</strong></span> <span class='ocrx_word' id='word_1_191' title='bbox 925 2840 1052 2883; x_wconf 89' lang='lat' dir='ltr'><strong>non</strong></span> <span class='ocrx_word' id='word_1_192' title='bbox 1097 2818 1288 2883; x_wconf 84' lang='lat' dir='ltr'><strong>aliter</strong></span> <span class='ocrx_word' id='word_1_193' title='bbox 1331 2842 1403 2883; x_wconf 78' lang='lat' dir='ltr'><strong>ac</strong></span> <span class='ocrx_word' id='word_1_194' title='bbox 1446 2818 1778 2885; x_wconf 81' lang='lat' dir='ltr'><strong>Marnerus</strong></span> <span class='ocrx_word' id='word_1_195' title='bbox 1819 2820 1951 2905; x_wconf 87' lang='lat' dir='ltr'><strong>ipse</strong></span> <span class='ocrx_word' id='word_1_196' title='bbox 1995 2820 2062 2883; x_wconf 89' lang='lat' dir='ltr'><strong>in</strong></span> <span class='ocrx_word' id='word_1_197' title='bbox 2093 2816 2237 2883; x_wconf 80' lang='lat' dir='ltr'><strong>aliis</strong></span> <span class='ocrx_word' id='word_1_198' title='bbox 2265 2816 2650 2881; x_wconf 83' lang='lat' dir='ltr'><strong>carminibus</strong></span> <span class='ocrx_word' id='word_1_199' title='bbox 2679 2813 2842 2877; x_wconf 74' lang='lat' dir='ltr'><strong>haud</strong></span> 
     </span>
     <span class='ocr_line' id='line_1_26' title="bbox 671 2915 2839 2984; baseline -0.001 -5"><span class='ocrx_word' id='word_1_200' title='bbox 671 2915 858 2980; x_wconf 89' lang='lat' dir='ltr'><strong>dubie</strong></span> <span class='ocrx_word' id='word_1_201' title='bbox 899 2917 1025 2982; x_wconf 88' lang='lat' dir='ltr'><strong>suis</strong></span> <span class='ocrx_word' id='word_1_202' title='bbox 1070 2917 1338 2983; x_wconf 86' lang='lat' dir='ltr'><strong>virtutes</strong></span> <span class='ocrx_word' id='word_1_203' title='bbox 1380 2919 1556 2984; x_wconf 90' lang='lat' dir='ltr'><strong>illius</strong></span> <span class='ocrx_word' id='word_1_204' title='bbox 1597 2920 1869 2983; x_wconf 74' lang='lat' dir='ltr'><strong>extollit.</strong></span> <span class='ocrx_word' id='word_1_205' title='bbox 1955 2918 2118 2983; x_wconf 83' lang='lat' dir='ltr'><strong>Sunt</strong></span> <span class='ocrx_word' id='word_1_206' title='bbox 2158 2940 2228 2981; x_wconf 86' lang='lat' dir='ltr'><strong>re</strong></span> <span class='ocrx_word' id='word_1_207' title='bbox 2272 2938 2420 2981; x_wconf 81' lang='lat' dir='ltr'><strong>vera</strong></span> <span class='ocrx_word' id='word_1_208' title='bbox 2463 2915 2676 2979; x_wconf 80' lang='lat' dir='ltr'><strong>omnia</strong></span> <span class='ocrx_word' id='word_1_209' title='bbox 2712 2935 2839 2977; x_wconf 89' lang='lat' dir='ltr'><strong>om-</strong></span> 
     </span>
     <span class='ocr_line' id='line_1_27' title="bbox 666 3012 2840 3103; baseline -0.002 -22"><span class='ocrx_word' id='word_1_210' title='bbox 666 3015 850 3081; x_wconf 87' lang='lat' dir='ltr'><strong>nium</strong></span> <span class='ocrx_word' id='word_1_211' title='bbox 890 3015 1077 3083; x_wconf 88' lang='lat' dir='ltr'><strong>huius</strong></span> <span class='ocrx_word' id='word_1_212' title='bbox 1119 3018 1419 3103; x_wconf 85' lang='lat' dir='ltr'><strong>temporis</strong></span> <span class='ocrx_word' id='word_1_213' title='bbox 1462 3023 1793 3103; x_wconf 84' lang='lat' dir='ltr'><strong>poetarum</strong></span> <span class='ocrx_word' id='word_1_214' title='bbox 1835 3020 2121 3084; x_wconf 78' lang='lat' dir='ltr'><strong>carmina</strong></span> <span class='ocrx_word' id='word_1_215' title='bbox 2162 3018 2230 3082; x_wconf 88' lang='lat' dir='ltr'><strong>in</strong></span> <span class='ocrx_word' id='word_1_216' title='bbox 2271 3017 2571 3080; x_wconf 84' lang='lat' dir='ltr'><strong>honorem</strong></span> <span class='ocrx_word' id='word_1_217' title='bbox 2603 3012 2840 3078; x_wconf 82' lang='lat' dir='ltr'><strong>Mariae</strong></span> 
     </span>
     <span class='ocr_line' id='line_1_28' title="bbox 670 3113 2842 3201; baseline -0.001 -22"><span class='ocrx_word' id='word_1_218' title='bbox 670 3119 737 3179; x_wconf 86' lang='lat' dir='ltr'><strong>ct</strong></span> <span class='ocrx_word' id='word_1_219' title='bbox 778 3114 883 3179; x_wconf 84' lang='lat' dir='ltr'><strong>dei</strong></span> <span class='ocrx_word' id='word_1_220' title='bbox 924 3116 1150 3201; x_wconf 84' lang='lat' dir='ltr'><strong>optimi</strong></span> <span class='ocrx_word' id='word_1_221' title='bbox 1193 3124 1453 3183; x_wconf 84' lang='lat' dir='ltr'><strong>cantata</strong></span> <span class='ocrx_word' id='word_1_222' title='bbox 1494 3126 1714 3183; x_wconf 83' lang='lat' dir='ltr'><strong>tantae</strong></span> <span class='ocrx_word' id='word_1_223' title='bbox 1773 3120 1944 3185; x_wconf 88' lang='lat' dir='ltr'><strong>inter</strong></span> <span class='ocrx_word' id='word_1_224' title='bbox 1993 3140 2056 3184; x_wconf 87' lang='lat' dir='ltr'><strong>se</strong></span> <span class='ocrx_word' id='word_1_225' title='bbox 2111 3115 2576 3194; x_wconf 78' lang='lat' dir='ltr'><strong>similitudinis,</strong></span> <span class='ocrx_word' id='word_1_226' title='bbox 2643 3122 2718 3179; x_wconf 89' lang='lat' dir='ltr'><strong>ut</strong></span> <span class='ocrx_word' id='word_1_227' title='bbox 2777 3113 2842 3177; x_wconf 89' lang='lat' dir='ltr'><strong>in</strong></span> 
     </span>
     <span class='ocr_line' id='line_1_29' title="bbox 672 3214 2840 3304; baseline -0.002 -24"><span class='ocrx_word' id='word_1_228' title='bbox 672 3217 1037 3283; x_wconf 77' lang='lat' dir='ltr'><strong>auctoribus</strong></span> <span class='ocrx_word' id='word_1_229' title='bbox 1076 3218 1483 3303; x_wconf 82' lang='lat' dir='ltr'><strong>stropharum</strong></span> <span class='ocrx_word' id='word_1_230' title='bbox 1527 3221 1808 3285; x_wconf 79' lang='lat' dir='ltr'><strong>incertae</strong></span> <span class='ocrx_word' id='word_1_231' title='bbox 1847 3219 2116 3304; x_wconf 84' lang='lat' dir='ltr'><strong>originis</strong></span> <span class='ocrx_word' id='word_1_232' title='bbox 2155 3214 2575 3300; x_wconf 84' lang='lat' dir='ltr'><strong>disquirendis</strong></span> <span class='ocrx_word' id='word_1_233' title='bbox 2632 3236 2666 3279; x_wconf 89' lang='lat' dir='ltr'><strong>e</strong></span> <span class='ocrx_word' id='word_1_234' title='bbox 2707 3236 2840 3278; x_wconf 85' lang='lat' dir='ltr'><strong>sen·</strong></span> 
     </span>
     <span class='ocr_line' id='line_1_30' title="bbox 672 3314 2843 3401; baseline -0 -22"><span class='ocrx_word' id='word_1_235' title='bbox 672 3315 891 3381; x_wconf 85' lang='lat' dir='ltr'><strong>tentiis</strong></span> <span class='ocrx_word' id='word_1_236' title='bbox 934 3316 1231 3381; x_wconf 79' lang='lat' dir='ltr'><strong>carminis</strong></span> <span class='ocrx_word' id='word_1_237' title='bbox 1272 3316 1608 3381; x_wconf 86' lang='lat' dir='ltr'><strong>cuiuslibet</strong></span> <span class='ocrx_word' id='word_1_238' title='bbox 1649 3318 1838 3383; x_wconf 89' lang='lat' dir='ltr'><strong>nullo·</strong></span> <span class='ocrx_word' id='word_1_239' title='bbox 1868 3318 2049 3383; x_wconf 86' lang='lat' dir='ltr'><strong>modo</strong></span> <span class='ocrx_word' id='word_1_240' title='bbox 2093 3317 2230 3401; x_wconf 85' lang='lat' dir='ltr'><strong>quis</strong></span> <span class='ocrx_word' id='word_1_241' title='bbox 2273 3315 2390 3381; x_wconf 85' lang='lat' dir='ltr'><strong>hoc</strong></span> <span class='ocrx_word' id='word_1_242' title='bbox 2431 3314 2843 3399; x_wconf 84' lang='lat' dir='ltr'><strong>composuerit</strong></span> 
     </span>
     <span class='ocr_line' id='line_1_31' title="bbox 668 3412 2844 3499; baseline -0 -22"><span class='ocrx_word' id='word_1_243' title='bbox 668 3412 871 3477; x_wconf 77' lang='lat' dir='ltr'><strong>statui</strong></span> <span class='ocrx_word' id='word_1_244' title='bbox 912 3414 1109 3498; x_wconf 81' lang='lat' dir='ltr'><strong>possit</strong></span> <span class='ocrx_word' id='word_1_245' title='bbox 1148 3434 1344 3498; x_wconf 74' lang='lat' dir='ltr'><strong>eaque</strong></span> <span class='ocrx_word' id='word_1_246' title='bbox 1386 3414 1462 3479; x_wconf 86' lang='lat' dir='ltr'><strong>de</strong></span> <span class='ocrx_word' id='word_1_247' title='bbox 1504 3436 1692 3479; x_wconf 80' lang='lat' dir='ltr'><strong>causa</strong></span> <span class='ocrx_word' id='word_1_248' title='bbox 1733 3415 1929 3479; x_wconf 80' lang='lat' dir='ltr'><strong>ctiam</strong></span> <span class='ocrx_word' id='word_1_249' title='bbox 1973 3416 2041 3481; x_wconf 86' lang='lat' dir='ltr'><strong>in</strong></span> <span class='ocrx_word' id='word_1_250' title='bbox 2069 3415 2356 3499; x_wconf 79' lang='lat' dir='ltr'><strong>proximo</strong></span> <span class='ocrx_word' id='word_1_251' title='bbox 2385 3414 2667 3479; x_wconf 78' lang='lat' dir='ltr'><strong>carmine</strong></span> <span class='ocrx_word' id='word_1_252' title='bbox 2699 3414 2844 3495; x_wconf 77' lang='lat' dir='ltr'><strong>(„du</strong></span> 
     </span>
     <span class='ocr_line' id='line_1_32' title="bbox 671 3510 2842 3597; baseline 0.001 -23"><span class='ocrx_word' id='word_1_253' title='bbox 671 3514 793 3575; x_wconf 88' lang='lat' dir='ltr'><strong>unt</strong></span> <span class='ocrx_word' id='word_1_254' title='bbox 830 3510 954 3574; x_wconf 68' lang='lat' dir='ltr'><strong>dfr‘</strong></span> <span class='ocrx_word' id='word_1_255' title='bbox 998 3516 1063 3576; x_wconf 89' lang='lat' dir='ltr'><strong>et</strong></span> <span class='ocrx_word' id='word_1_256' title='bbox 1106 3533 1265 3594; x_wconf 83' lang='lat' dir='ltr'><strong>quae</strong></span> <span class='ocrx_word' id='word_1_257' title='bbox 1306 3515 1385 3596; x_wconf 85' lang='lat' dir='ltr'><strong>s.)</strong></span> <span class='ocrx_word' id='word_1_258' title='bbox 1444 3512 1694 3591; x_wconf 84' lang='lat' dir='ltr'><strong>nescies,</strong></span> <span class='ocrx_word' id='word_1_259' title='bbox 1746 3517 1962 3577; x_wconf 89' lang='lat' dir='ltr'><strong>utrum</strong></span> <span class='ocrx_word' id='word_1_260' title='bbox 2017 3512 2244 3578; x_wconf 86' lang='lat' dir='ltr'><strong>codicis</strong></span> <span class='ocrx_word' id='word_1_261' title='bbox 2286 3513 2842 3597; x_wconf 68' lang='lat' dir='ltr'><strong>wurceburgensis</strong></span> 
     </span>
     <span class='ocr_line' id='line_1_33' title="bbox 672 3612 1808 3697; baseline 0 -20"><span class='ocrx_word' id='word_1_262' title='bbox 672 3612 1051 3697; x_wconf 85' lang='lat' dir='ltr'><strong>subscriptio</strong></span> <span class='ocrx_word' id='word_1_263' title='bbox 1094 3613 1410 3678; x_wconf 82' lang='lat' dir='ltr'><strong>reicienda</strong></span> <span class='ocrx_word' id='word_1_264' title='bbox 1452 3614 1539 3678; x_wconf 87' lang='lat' dir='ltr'><strong>sit</strong></span> <span class='ocrx_word' id='word_1_265' title='bbox 1581 3637 1808 3679; x_wconf 80' lang='lat' dir='ltr'><strong>annon.</strong></span> 
     </span>
    </p>

    <p class='ocr_par' dir='ltr' id='par_1_6' title="bbox 672 3712 2843 4293">
     <span class='ocr_line' id='line_1_34' title="bbox 875 3712 2843 3798; baseline -0.003 -19"><span class='ocrx_word' id='word_1_266' title='bbox 875 3714 990 3779; x_wconf 79' lang='lat' dir='ltr'><strong>Est</strong></span> <span class='ocrx_word' id='word_1_267' title='bbox 1030 3715 1180 3779; x_wconf 72' lang='lat' dir='ltr'><strong>san&#39;e</strong></span> <span class='ocrx_word' id='word_1_268' title='bbox 1221 3736 1347 3779; x_wconf 89' lang='lat' dir='ltr'><strong>non</strong></span> <span class='ocrx_word' id='word_1_269' title='bbox 1391 3716 1690 3781; x_wconf 79' lang='lat' dir='ltr'><strong>absonum</strong></span> <span class='ocrx_word' id='word_1_270' title='bbox 1735 3740 1772 3781; x_wconf 81' lang='lat' dir='ltr'><strong>a</strong></span> <span class='ocrx_word' id='word_1_271' title='bbox 1800 3716 2084 3781; x_wconf 78' lang='lat' dir='ltr'><strong>Mai-neri</strong></span> <span class='ocrx_word' id='word_1_272' title='bbox 2128 3714 2385 3798; x_wconf 71' lang='lat' dir='ltr'><strong>ingenio</strong></span> <span class='ocrx_word' id='word_1_273' title='bbox 2423 3720 2612 3796; x_wconf 88' lang='lat' dir='ltr'><strong>atque</strong></span> <span class='ocrx_word' id='word_1_274' title='bbox 2643 3712 2843 3775; x_wconf 90' lang='lat' dir='ltr'><strong>indole</strong></span> 
     </span>
     <span class='ocr_line' id='line_1_35' title="bbox 674 3811 2840 3899; baseline -0.002 -20"><span class='ocrx_word' id='word_1_275' title='bbox 674 3822 808 3880; x_wconf 80' lang='lat' dir='ltr'><strong>tam</strong></span> <span class='ocrx_word' id='word_1_276' title='bbox 848 3816 1175 3882; x_wconf 81' lang='lat' dir='ltr'><strong>subtiliter</strong></span> <span class='ocrx_word' id='word_1_277' title='bbox 1217 3818 1408 3881; x_wconf 77' lang='lat' dir='ltr'><strong>verba</strong></span> <span class='ocrx_word' id='word_1_278' title='bbox 1450 3817 1655 3885; x_wconf 83' lang='lat' dir='ltr'><strong>facere</strong></span> <span class='ocrx_word' id='word_1_279' title='bbox 1697 3817 1773 3881; x_wconf 85' lang='lat' dir='ltr'><strong>de</strong></span> <span class='ocrx_word' id='word_1_280' title='bbox 1813 3816 2132 3881; x_wconf 78' lang='lat' dir='ltr'><strong>trinitatis</strong></span> <span class='ocrx_word' id='word_1_281' title='bbox 2173 3813 2505 3899; x_wconf 70' lang='lat' dir='ltr'><strong>mysterio,</strong></span> <span class='ocrx_word' id='word_1_282' title='bbox 2571 3812 2647 3875; x_wconf 87' lang='lat' dir='ltr'><strong>de</strong></span> <span class='ocrx_word' id='word_1_283' title='bbox 2701 3811 2742 3877; x_wconf 89' lang='lat' dir='ltr'><strong>J</strong></span> <span class='ocrx_word' id='word_1_284' title='bbox 2745 3834 2840 3875; x_wconf 85' lang='lat' dir='ltr'><strong>esu</strong></span> 
     </span>
     <span class='ocr_line' id='line_1_36' title="bbox 672 3913 2837 3999; baseline -0.003 -19"><span class='ocrx_word' id='word_1_285' title='bbox 672 3916 839 3981; x_wconf 85' lang='lat' dir='ltr'><strong>mira</strong></span> <span class='ocrx_word' id='word_1_286' title='bbox 900 3920 1153 3994; x_wconf 79' lang='lat' dir='ltr'><strong>natura,</strong></span> <span class='ocrx_word' id='word_1_287' title='bbox 1219 3916 1327 3999; x_wconf 91' lang='lat' dir='ltr'><strong>qui</strong></span> <span class='ocrx_word' id='word_1_288' title='bbox 1393 3916 1558 3979; x_wconf 91' lang='lat' dir='ltr'><strong>idem</strong></span> <span class='ocrx_word' id='word_1_289' title='bbox 1621 3916 1706 3981; x_wconf 90' lang='lat' dir='ltr'><strong>sit</strong></span> <span class='ocrx_word' id='word_1_290' title='bbox 1769 3932 1928 3981; x_wconf 83' lang='lat' dir='ltr'><strong>unus</strong></span> <span class='ocrx_word' id='word_1_291' title='bbox 1983 3923 2047 3981; x_wconf 89' lang='lat' dir='ltr'><strong>et</strong></span> <span class='ocrx_word' id='word_1_292' title='bbox 2111 3921 2236 3986; x_wconf 84' lang='lat' dir='ltr'><strong>tres</strong></span> <span class='ocrx_word' id='word_1_293' title='bbox 2301 3913 2402 3993; x_wconf 80' lang='lat' dir='ltr'><strong>(cf.</strong></span> <span class='ocrx_word' id='word_1_294' title='bbox 2449 3927 2587 3981; x_wconf 88' lang='lat' dir='ltr'><strong>XIV.</strong></span> <span class='ocrx_word' id='word_1_295' title='bbox 2637 3914 2690 3975; x_wconf 90' lang='lat'><strong>1.</strong></span> <span class='ocrx_word' id='word_1_296' title='bbox 2751 3914 2837 3991; x_wconf 72' lang='grc'><strong>1.).</strong></span> 
     </span>
     <span class='ocr_line' id='line_1_37' title="bbox 674 4012 2837 4098; baseline -0.001 -22"><span class='ocrx_word' id='word_1_297' title='bbox 674 4014 989 4081; x_wconf 84' lang='lat' dir='ltr'><strong>Videntur</strong></span> <span class='ocrx_word' id='word_1_298' title='bbox 1034 4017 1245 4078; x_wconf 86' lang='lat' dir='ltr'><strong>autem</strong></span> <span class='ocrx_word' id='word_1_299' title='bbox 1275 4016 1581 4098; x_wconf 74' lang='lat' dir='ltr'><strong>quaedam</strong></span> <span class='ocrx_word' id='word_1_300' title='bbox 1611 4014 1806 4077; x_wconf 87' lang='lat' dir='ltr'><strong>inesse</strong></span> <span class='ocrx_word' id='word_1_301' title='bbox 1835 4034 2119 4077; x_wconf 84' lang='lat' dir='ltr'><strong>versuum</strong></span> <span class='ocrx_word' id='word_1_302' title='bbox 2149 4017 2504 4077; x_wconf 80' lang='lat' dir='ltr'><strong>structurae</strong></span> <span class='ocrx_word' id='word_1_303' title='bbox 2535 4012 2837 4083; x_wconf 79' lang='lat' dir='ltr'><strong>licentiae,</strong></span> 
     </span>
     <span class='ocr_line' id='line_1_38' title="bbox 674 4110 2837 4195; baseline -0.001 -21"><span class='ocrx_word' id='word_1_304' title='bbox 674 4134 827 4193; x_wconf 82' lang='lat' dir='ltr'><strong>quas</strong></span> <span class='ocrx_word' id='word_1_305' title='bbox 889 4111 1011 4175; x_wconf 90' lang='lat' dir='ltr'><strong>sibi</strong></span> <span class='ocrx_word' id='word_1_306' title='bbox 1076 4112 1235 4177; x_wconf 76' lang='lat' dir='ltr'><strong>alias</strong></span> <span class='ocrx_word' id='word_1_307' title='bbox 1298 4111 1403 4175; x_wconf 88' lang='lat' dir='ltr'><strong>hic</strong></span> <span class='ocrx_word' id='word_1_308' title='bbox 1466 4116 1653 4195; x_wconf 67' lang='lat' dir='ltr'><strong>poete</strong></span> <span class='ocrx_word' id='word_1_309' title='bbox 1709 4132 1867 4175; x_wconf 62' lang='lat' dir='ltr'><strong>non‘</strong></span> <span class='ocrx_word' id='word_1_310' title='bbox 1899 4110 2196 4175; x_wconf 79' lang='lat' dir='ltr'><strong>coneedit.</strong></span> <span class='ocrx_word' id='word_1_311' title='bbox 2303 4110 2536 4174; x_wconf 87' lang='lat' dir='ltr'><strong>Versus</strong></span> <span class='ocrx_word' id='word_1_312' title='bbox 2597 4110 2837 4193; x_wconf 86' lang='lat' dir='ltr'><strong>quidem</strong></span> 
     </span>
     <span class='ocr_line' id='line_1_39' title="bbox 676 4208 2836 4293; baseline 0 -22"><span class='ocrx_word' id='word_1_313' title='bbox 676 4209 910 4290; x_wconf 85' lang='lat' dir='ltr'><strong>primos</strong></span> <span class='ocrx_word' id='word_1_314' title='bbox 982 4210 1305 4292; x_wconf 83' lang='lat' dir='ltr'><strong>utriusque</strong></span> <span class='ocrx_word' id='word_1_315' title='bbox 1378 4209 1647 4272; x_wconf 85' lang='lat' dir='ltr'><strong>membri</strong></span> <span class='ocrx_word' id='word_1_316' title='bbox 1709 4208 2065 4291; x_wconf 78' lang='lat' dir='ltr'><strong>systematis</strong></span> <span class='ocrx_word' id='word_1_317' title='bbox 2129 4211 2454 4293; x_wconf 82' lang='lat' dir='ltr'><strong>praemissi</strong></span> <span class='ocrx_word' id='word_1_318' title='bbox 2517 4210 2652 4273; x_wconf 88' lang='lat' dir='ltr'><strong>sine</strong></span> <span class='ocrx_word' id='word_1_319' title='bbox 2719 4210 2836 4273; x_wconf 77' lang='lat' dir='ltr'><strong>ulla</strong></span> 
     </span>
    </p>
   </div>
  </div>
 </body>
</html>
