3035 4726
1291 391 1328 451 9

227 569 486 647 referre,
521 571 682 652 quod
705 572 980 636 Mariam
1007 573 1320 657 virginem
1349 559 1807 636 sacrosanctam
1836 571 1903 633 iu
1932 593 2111 634 versu
2134 575 2397 636 secundo

225 669 532 732 carminis
575 667 714 734 XII.
761 670 1011 733 stellam
1057 671 1320 754 apellat,
1387 691 1577 752 quam
1638 675 1983 752 sequantur
2045 675 2275 733 nautae
2329 673 2396 734 in

225 770 512 832 maribus
555 769 847 850 („Ma1‘ia,
893 778 1088 834 meres
1131 771 1523 851 leitestern“)
1565 769 1788 831 melius
1817 768 2066 850 quidem
2094 772 2161 830 et
2190 771 2398 853 aptius

227 866 477 932 Mariae
539 869 774 932 dedisse
838 869 954 932 hoc
1017 889 1358 952 cognomen
1422 876 1609 952 poeta
1693 867 1982 930 videatur
2002 917 2016 944 ,
2088 869 2142 931 si
2204 871 2398 932 maris

225 967 530 1049 periculis
573 967 869 1030 territum
935 966 1243 1028 auxilium
1306 987 1448 1030 eum
1511 971 1725 1049 petere
1782 990 1819 1030 a
1868 967 2116 1050 virgine
2182 968 2399 1032 divina

225 1072 460 1149 putare
502 1068 817 1150 possimus.
893 1065 1198 1129 Attamen
1241 1066 1395 1128 haec
1423 1065 1667 1128 Mariae
1710 1067 1869 1129 laus·
1886 1067 2065 1130 nobis
2094 1067 2399 1132 inusitata

226 1169 428 1230 tritae
472 1167 674 1230 instar
729 1167 1037 1230 formulae
1087 1169 1182 1228 est
1235 1165 1400 1248 apud
1454 1168 1671 1248 poetas
1715 1166 1900 1229 huius
1944 1167 2171 1229 aetati-s
2224 1172 2288 1230 et
2331 1169 2398 1230 in

227 1267 546 1348 plerisque
590 1264 974 1328 carminibus
1014 1262 1258 1328 Mariae
1299 1263 1600 1326 dedicatis
1640 1266 1975 1348 reperitur.

430 1363 533 1425 Ita
575 1362 819 1424 nullam
874 1360 1172 1424 habemus
1222 1361 1493 1424 nominis
1545 1368 1767 1444 poetae
1825 1366 2026 1427 nostri
2082 1365 2397 1449 interpre-

228 1463 557 1538 tationem,
603 1482 744 1523 cum
773 1460 1031 1543 volgata
1058 1461 1464 1524 fundamento
1493 1466 1724 1538 careat,
1756 1464 1950 1527 aliam
1980 1469 2190 1527 autem
2220 1488 2399 1530 nemo

229 1562 540 1625 obtulerit
583 1581 781 1642 neque
826 1559 956 1641 ipse
998 1558 1322 1621 meliorem
1367 1557 1649 1622 habeam.

429 1661 819 1724 Praenomen
871 1665 1111 1722 rectum
1175 1659 1323 1722 huic
1374 1659 1511 1722 viro
1562 1659 1881 1721 vindicare
1924 1682 2051 1723 non
2092 1661 2398 1727 minorem

227 1758 679 1822 ⁴difficultatem
708 1758 973 1839 habet.¹)
1043 1757 1366 1840 Hagenius
1404 1757 1655 1840 quidem
1682 1757 1815 1820 sine
1844 1760 1979 1821 ulla
2006 1760 2399 1827 dubitatione

233 1861 590 1925 Conradum
634 1881 775 1922 eum
819 1859 1210 1942 appellatum
1259 1879 1384 1921 esse
1435 1857 1784 1934 contendit,
1851 1858 1955 1920 sed
2012 1865 2400 1943 argumentis

230 1985 377 2026 usus
420 1961 587 2024 haud
644 1960 738 2022 ita
789 1961 992 2024 certis,
1092 1960 1290 2023 Putat
1356 1960 1633 2043 primum
1695 1959 1763 2021 in
1828 1961 2196 2040 quibusdam
2260 1987 2398 2029 car-

231 2061 509 2124 minibus
553 2063 882 2143 poetarum
911 2057 1345 2121 Misniensium
1387 2062 1454 2119 et
1481 2056 2029 2140 Moguntiaoorum
2071 2085 2185 2146 per
2212 2087 2399 2148 paro-

229 2159 583 2224 nomasiam
627 2156 812 2221 illudi
856 2156 924 2219 in
960 2176 1188 2219 nomen
1215 2154 1515 2218 Marncri.
1592 2153 1889 2221 Carmina
1916 2161 2139 2242 quibus
2167 2165 2401 2228 nititur

231 2261 449 2326 omnia
509 2263 656 2322 sunt
717 2279 794 2321 ex
857 2257 1139 2321 ridiculis
1203 2256 1332 2319 illis
1385 2257 1763 2339 aenigmatis
1816 2259 1983 2321 haud
2027 2262 2120 2324 ita
2163 2264 2398 2341 facetis,

231 2365 460 2449 quibus
504 2363 657 2426 haec
701 2368 871 2425 aetas
915 2359 1094 2422 valde
1137 2359 1384 2441 gaudet.

430 2464 532 2527 Ita
576 2463 917 2526 Riimzlant
961 2482 1056 2543 ap.
1105 2459 1264 2542 Hag.
1312 2458 1441 2523 MS.
1488 2458 1568 2521 Π.
1615 2483 1673 2544 p.
1722 2461 1865 2523 369:

507 2566 558 2628 1.
629 2564 767 2627 Ren
808 2582 946 2626 ram
991 2561 1125 2624 rint
1169 2560 1347 2623 rehte
1390 2565 1603 2635 raten,
1659 2560 1853 2623 ruoch
1904 2562 2066 2624 nach
2114 2565 2400 2629 meister—

1616 2661 1824 2723 lichen
1868 2660 2075 2724 orden.

630 2765 777 2828 Wie
819 2784 959 2826 mac
1002 2763 1114 2825 daz
1158 2762 1580 2825 wunderliche
1622 2761 1880 2825 Wunder
1921 2764 2018 2823 sin
2060 2769 2399 2844 genennet:

627 2867 715 2929 ΕΖ
760 2888 885 2929 was
928 2864 1031 2926 ein
1075 2864 1218 2925 kint
1261 2863 1387 2925 und
1431 2868 1595 2926 wart
1650 2863 1753 2925 ein
1807 2882 1952 2922 man
2004 2862 2131 2923 und
2174 2863 2257 2926 ist
2298 2864 2402 2926 ein

1617 2961 1763 3022 kint
1804 2961 2149 3042 geworden.

629 3065 761 3128 Daz
801 3063 1059 3126 wunder
1103 3061 1186 3122 ist
1213 3067 1331 3123 viir
1372 3061 1627 3125 Wunder
1657 3059 2045 3123 wunderlich
2074 3062 2395 3126 erkennet.

505 3166 560 3227 5.
634 3164 722 3225 Ez
767 3162 849 3224 ist
891 3162 995 3224 ein
1040 3181 1153 3223 ren
1195 3158 1304 3221 der
1347 3158 1696 3234 wildekeit,
1764 3158 1868 3220 ein
1928 3182 2063 3222 ram
2120 3162 2229 3225 der
2282 3185 2401 3225 un-

1613 3259 1910 3335 behende,

631 3362 760 3424 Der
803 3359 956 3422 zuht
997 3359 1101 3421 ein.
1147 3358 1296 3420 rint.

630 3460 764 3523 Vor
786 3460 950 3523 alter
969 3462 1078 3542 get
1097 3478 1166 3519 ez
1188 3456 1413 3521 hinder
1433 3458 1593 3529 sich:
1614 3461 1711 3521 sin
1728 3460 1831 3543 lop
1848 3459 1963 3523 hat
1978 3461 2401 3525 widerwende.

632 3560 764 3623 Daz
807 3558 1212 3623 Wunderkint

631 3658 812 3721 Treit
854 3660 970 3740 gra
1013 3676 1205 3739 gevar
1250 3654 1541 3737 gostopfil
1586 3654 1702 3717 har
1745 3655 1819 3717 fif
1855 3657 2073 3721 kindes
2115 3659 2339 3731 kinne3

475 3765 570 3825 10.
639 3782 706 3823 ez
749 3760 832 3821 ist
875 3761 1114 3841 genant
1157 3792 1236 3801 -
1280 3762 1364 3818 nsi
1393 3762 1527 3820 rat!
1576 3758 1794 3820 wirstu
1824 3757 1926 3820 des
1954 3780 2184 3821 namen
2213 3758 2405 3820 inne?

437 3947 475 4011 ²)
542 3943 688 3995 Haec
719 3941 1078 4011 praenominis
1114 3946 1307 4009 poetae
1363 3941 1534 3993 nostri
1580 3940 1861 4009 indagatio
1906 3956 2043 3993 nune
2090 3956 2155 3993 ea
2200 3956 2409 4006 quoque

239 4031 304 4083 de
339 4046 502 4083 causa
536 4026 795 4095 gravioris
831 4028 912 4079 est
945 4024 1225 4085 momenti,
1273 4023 1414 4089 quod
1449 4023 1708 4075 Rudolfus
1744 4022 1998 4075 Thiersch
2040 4021 2098 4073 in
2130 4038 2409 4089 program-

239 4115 382 4165 mate
418 4128 512 4163 suo
548 4110 690 4176 quod
723 4108 796 4161 ad
828 4108 1170 4161 refutandam
1207 4105 1462 4159 Goedekfi
1497 4106 1565 4157 de
1598 4106 1842 4159 Mat-nero
1878 4108 1930 4157 et
1954 4104 2207 4171 Reimaro
2241 4104 2410 4173 hypo-

239 4195 415 4259 thesin
448 4192 660 4261 scripsit
707 4193 806 4245 hoc
853 4208 1059 4257 quoque
1105 4193 1418 4258 argumento
1455 4207 1484 4242 e
1520 4208 1639 4241 mea
1686 4189 1898 4255 quidem
1945 4187 2212 4241 sententia
2258 4188 2411 4241 valde

236 4278 445 4330 infirmo
481 4276 552 4329 ad
585 4275 904 4329 reiciendam
941 4274 1079 4327 illius
1115 4273 1418 4341 opinionem
1451 4290 1576 4324 usus
1612 4274 1708 4324 est.

2016 4353 2047 4402 2
