3035 4726
1690 315 1763 377 12

637 495 770 560 Alii
800 500 1010 560 autem
1040 497 1391 560 conradum
1428 519 1571 562 euni
1602 499 1929 581 appellant
1972 495 2070 576 (cs.
2102 494 2515 572 Puschmann,
2562 494 2832 580 griind-

635 596 839 662 licher
868 597 1128 662 Bericht
1157 619 1298 661 vom
1322 597 1679 664 Deutschen
1708 598 2202 681 Meistergesang
2235 598 2424 670 15963
2470 595 2527 660 J.
2570 594 2823 672 Feller‚

634 695 914 762 Vorrede
979 721 1088 760 zur
1152 698 1619 782 Uebersetzung
1682 721 1801 764 von
1854 698 1928 760 D.
1990 697 2299 762 Gcrhardi
2362 698 2828 762 meditationes-

633 821 843 862 sacrae
885 800 1050 882 Lips
1102 799 1305 881 1690.)

833 895 950 960 Sed
993 900 1066 958 ut
1108 895 1297 958 finem
1349 897 1651 960 faciamus
1696 896 1880 958 huius
1943 896 2037 958 rei
2090 899 2357 981 amplius
2410 897 2818 970 tractandae,

636 998 764 1059 13111
808 1000 1089 1079 apparet,
1135 997 1208 1058 de
1252 997 1657 1077 praenomine
1700 1000 1921 1078 poetae
1964 1018 2089 1060 non
2131 997 2270 1078 plus
2298 1002 2581 1060 constare
2612 1017 2821 1078 quam

635 1095 709 1159 de
751 1097 1017 1159 nomine.

834 1194 1202 1260 Melioribus
1224 1199 1613 1282 argumentis
1633 1197 1993 1261 confirmari
2014 1201 2235 1280 potest,
2266 1197 2557 1264 Sueviam
2579 1203 2819 1280 poetae

633 1297 912 1379 patriam
955 1320 1096 1362 esse.

832 1397 1029 1474 Quem
1071 1421 1260 1481 supra
1304 1400 1497 1462 attuli
1540 1403 1815 1484 poetam,
1871 1399 2211 1464 Rumzlant
2253 1403 2506 1483 praeter
2548 1420 2815 1461 carmen

637 1495 814 1571 illud,
861 1497 929 1559 in
973 1519 1092 1579 quo
1114 1496 1480 1562 Marnerum
1527 1499 1904 1576 ludificatur,
1952 1499 2123 1562 aliud
2166 1499 2529 1581 composuit,
2575 1521 2651 1560 ex
2680 1520 2817 1580 quo

637 1599 826 1658 antea
867 1597 1090 1660 melius
1122 1597 1290 1660 inter
1332 1597 1442 1660 hos
1485 1597 1653 1662 viros
1680 1599 2033 1664 convenisse
2060 1597 2278 1662 elucet.
2298 1597 2343 1680 ¹)
2399 1595 2811 1660 Carissimum

637 1695 906 1757 amicum
950 1717 1092 1757 eum
1133 1694 1314 1768 dicit3
1379 1717 1504 1758 esse
1570 1697 1753 1758 illum
1816 1697 2127 1779 optimum
2171 1697 2339 1760 inter
2380 1702 2595 1780 poetas
2612 1747 2625 1774 ‚
2692 1697 2811 1779 qui

635 1798 787 1857 tunc
830 1795 899 1857 in
941 1794 1282 1858 Germania
1325 1794 1547 1858 vivant
1611 1795 1869 1876 ideoque
1920 1816 2218 1878 magnam
2260 1795 2531 1878 gloriam
2572 1817 2808 1858 nomen

636 1894 812 1958 illius
884 1894 1150 1967 habere3
1215 1892 1593 1956 adhortatur
1676 1913 1844 1967 eum,
1930 1913 2009 1953 ne
2074 1891 2229 1954 alios
2285 1893 2473 1955 nimis
2523 1898 2807 1976 spernat,

635 1995 922 2078 quamvis
971 2016 1202 2078 magno
1253 1993 1510 2076 ingenio
1565 2014 1602 2054 3
1644 1992 1755 2054 (160
1808 1991 2129 2074 praeditus
2170 1992 2284 2064 sit3
2350 2013 2497 2054 nam
2560 1993 2810 2057 diverso

639 2097 822 2160 modo
865 2096 1141 2159 divisisse
1184 2094 1367 2158 deum
1408 2115 1673 2156 munera
1714 2115 1825 2157 sua
1868 2116 2065 2177 neque
2116 2091 2349 2158 Saxoni
2406 2114 2547 2154 eum
2598 2093 2812 2160 minus

635 2193 784 2258 dare
826 2215 1016 2276 quam
1058 2192 1272 2256 Saevo,

834 2295 956 2370 Qui
985 2293 1352 2376 conscripsit
1378 2291 1535 2354 haec
1562 2292 1771 2368 verba,
1816 2289 1985 2354 haud
2020 2290 2204 2354 dubie
2233 2292 2302 2354 in
2330 2291 2603 2356 Saxonia
2631 2295 2809 2356 ortus

639 2402 732 2461 est
776 2398 1033 2480 ideoque
1057 2416 1218 2458 cum
1260 2395 1364 2457 hic
1409 2392 1651 2470 „Saxo“
1695 2415 1819 2457 non
1860 2393 2242 2476 significatio
2284 2393 2369 2457 sit
2410 2392 2617 2475 gentis
2644 2391 2807 2455 Ger—

639 2495 922 2559 manicae
965 2515 1041 2557 ex
1079 2492 1349 2555 arbitrio
1379 2492 1631 2566 allatae,
1676 2490 1781 2555 sed
1810 2490 1888 2553 ad
1916 2512 2141 2554 nomen
2168 2492 2527 2575 provinciae
2555 2492 2807 2575 patriae

635 2595 960 2677 respiciat,
1026 2594 1156 2655 iam
1217 2613 1294 2655 ex
1359 2589 1456 2652 his
1508 2586 1776 2651 Suevum
1828 2588 2193 2653 Mamerum
2236 2591 2421 2655 fuisse
2466 2590 2808 2675 apparet.²)

637 2692 710 2755 Id
773 2692 938 2775 quod
998 2690 1224 2753 melius
1289 2689 1756 2770 intellegemUS‚
1822 2688 1877 2751 si
1932 2688 2101 2753 infra
2154 2690 2437 2772 linguam
2488 2695 2553 2753 et
2608 2712 2808 2773 genus

636 2790 880 2853 dicendi
922 2792 1142 2871 poetae
1188 2784 1541 2849 accuratius
1582 2786 2080 2851 tractaverimus,

839 2886 940 2951 Ad
983 2885 1146 2968 quod
1189 2883 1490 2947 accedunt
1532 2883 1894 2947 testimonia
1948 2891 2277 2967 poetarum
2318 2890 2803 2973 magistralium,

637 3012 795 3071 quae
838 3010 952 3072 per
993 3009 1056 3051 se
1099 2985 1350 3069 quidem
1393 2984 1547 3049 levis
1588 2986 1918 3062 momenti,
1986 3008 2127 3049 cum
2168 2990 2401 3051 multas
2442 2989 2517 3051 de
2558 2989 2805 3053 schola-

635 3111 777 3152 rum
822 3086 1179 3152 auctoribus
1220 3084 1466 3149 fabulas
1508 3086 1631 3149 sibi
1672 3086 1993 3161 finxerint,
2067 3087 2171 3150 hic
2214 3110 2355 3152 cum
2398 3111 2689 3157 consensu
2733 3092 2805 3153 in

637 3188 903 3252 testibus
945 3186 1130 3249 huius
1171 3184 1418 3267 generis
1455 3182 1741 3247 mirabili
1769 3183 1836 3244 id
1862 3184 2254 3263 confirmant,
2302 3188 2463 3270 quod
2490 3189 2807 3273 imprimis

635 3288 918 3352 carmina
961 3287 1098 3368 ipsa
1139 3305 1250 3347 nos
1291 3282 1514 3345 docent
1556 3284 1622 3344 et
1663 3302 1921 3343 carmen
1962 3281 2143 3346 modo
2180 3288 2527 3349 tractatum
2554 3288 2801 3370 probat.

833 3387 936 3451 Ita
964 3388 1033 3451 in
1061 3385 1339 3449 carmine
1367 3382 1661 3465 magistri
1690 3382 2067 3466 Ambrosii⁸)
2112 3384 2258 3469 (Hg.
2307 3385 2416 3449 Bd.
2463 3386 2571 3451 IV.
2606 3387 2800 3469 891.):

839 3618 876 3685 ι)
943 3616 1088 3685 apud
1110 3614 1410 3684 Hagenium
1443 3613 1553 3667 MS.
1588 3613 1678 3667 111.
1713 3634 1766 3683 p.
1803 3616 1882 3669 56.
1940 3616 2007 3668 cf.
2032 3616 2271 3681 Bartsch,
2307 3618 2570 3673 Deutsche
2592 3620 2805 3675 Lieder-

635 3702 840 3755 dichter
873 3719 926 3767 p.
961 3700 1074 3752 216.

833 3784 872 3851 ³)
938 3783 1123 3837 Potest
1171 3782 1258 3835 hic
1303 3780 1480 3837 afferri
1517 3780 1683 3834 etiam
1718 3798 1931 3837 carmen
1972 3782 2272 3837 aniensis
2317 3784 2461 3851 apud
2504 3785 2800 3855 Hagem'um

639 3870 746 3923 MS.
783 3869 875 3922 111.
910 3888 963 3939 p.
1004 3868 1114 3921 100.
1152 3867 1368 3929 editum,
1400 3866 1458 3919 in
1493 3860 1598 3932 quo
1630 3865 1897 3920 invehitur
1930 3867 2018 3919 ille
2040 3867 2099 3919 in
2119 3884 2314 3935 poema
2335 3866 2567 3923 Ma-rneri
2588 3868 2699 3923 XV.
2722 3870 2801 3923 21.

939 3952 1084 4005 Swer
1119 3968 1260 4012 63116,
1297 3949 1398 4003 daz
1434 3950 1529 4002 der
1563 3952 1705 4003 strfiz
1742 3951 1865 4004 sehe
1900 3950 1983 4003 dri
2015 3952 2145 4021 tage
2180 3968 2250 4005 an
2285 3956 2366 4005 sin
2389 3952 2510 4016 eier,

929 4034 1024 4087 der
1058 4051 1184 4087 sanc
1219 4034 1422 4095 unreht‚
1459 4050 1515 4087 er
1550 4038 1596 4087 si
1631 4034 1821 4088 Swabe
1855 4036 1983 4089 oder
2016 4036 2101 4089 ein
2136 4036 2304 4089 Beier.

831 4117 872 4183 ⁸)
939 4117 1008 4169 M.
1043 4117 1368 4179 AmbrosiUS‚
1402 4117 1753 4171 meister-liene
1776 4119 2023 4188 Freyung
2067 4120 2159 4173 der
2194 4120 2397 4188 Singer‚
2433 4126 2491 4175 60
2521 4120 2605 4173 die
2642 4119 2799 4186 Frey-

636 4216 746 4267 ung
781 4200 880 4251 auf
909 4201 1012 4252 den
1048 4201 1162 4253 Stul
1195 4201 1477 4269 begehren.
2170 4258 2205 4305 ⁹
