3035 4726
1275 330 1354 397 73

226 532 416 597 saepe
459 512 875 579 nominatum.
963 510 1005 577 J
1010 534 1113 577 am
1175 512 1330 577 haec
1392 512 1531 597 ipsa
1594 513 1798 577 forma
1863 512 2230 598 „schepfer“
2291 536 2402 580 nos

158 672 163 675 .
226 610 497 675 offendit
558 613 737 675 nullo
801 611 929 677 alio
991 614 1277 698 exemplo
1339 610 1542 697 quoad
1603 610 1781 675 video
1831 612 2082 679 defensa
2143 612 2400 698 ideoque

226 710 507 777 Miillero
534 712 903 797 adstipulor‚
937 712 1311 797 „schepfen“
1340 712 1446 777 hic
1472 734 1602 779 esse
1627 712 2049 788 scribendum3
2078 712 2153 777 de
2175 712 2400 797 quibus

218 812 470 878 Grimm
532 812 725 877 verba
789 811 945 878 facit
998 811 1073 877 D.
1128 811 1336 899 Myth.
1390 835 1451 897 p.
1506 812 1646 877 379.
1743 810 2079 875 Invenitur
2137 812 2398 877 verbum

218 934 365 976 cum
406 918 619 977 nostro
676 912 1087 998 compositum
1152 912 1226 976 in
1285 910 1571 977 carmine
1616 909 1901 976 Vintleri
1953 910 2246 993 („Blume
2287 908 2399 975 der

216 1008 582 1095 Tugend“):

616 1132 683 1175 so
730 1110 936 1174 haben
980 1109 1215 1177 etleich
1258 1111 1389 1173 lent
1430 1109 1552 1173 den
1595 1114 1758 1186 wan,

617 1206 728 1271 das
766 1230 889 1272 sew
932 1206 1205 1284 1110111011,
1250 1226 1435 1271 1111001·
1480 1206 1680 1284 leben,

614 1306 727 1371 das
764 1329 881 1372 uns
922 1305 1031 1371 das
1072 1304 1172 1369 die
1214 1305 1674 1391 gfichschepfen
1715 1307 1917 1390 geben

620 1402 749 1469 und
788 1406 897 1469 das
940 1428 1061 1471 sew
1103 1426 1221 1469 uus
1263 1404 1367 1469 hie
1412 1405 1732 1489 regierem

620 1503 781 1568 ouch
822 1504 1124 1589 sprechcn
1165 1503 1399 1569 etleich
1440 1504 1676 1581 dieren‚

616 1626 738 1668 sew
781 1604 1049 1670 erteilen
1090 1604 1211 1668 den
1252 1604 1586 1670 menschen
1631 1606 1734 1671 hie
1779 1607 1895 1671 anf
1929 1606 2138 1671 erden

421 1701 545 1765 Pro
611 1704 799 1767 verbo
864 1702 1162 1779 „dieren“
1227 1727 1437 1770 versus
1508 1706 1920 1791 paenultimi⁴
1961 1707 2030 1770 in
2101 1707 2397 1773 thesauro

214 1801 529 1887 scriptum
570 1808 751 1869 extat
794 1803 1103 1882 ‚‚diesen“,
1148 1805 1356 1871 nescio
1396 1810 1614 1869 utrum
1657 1827 1734 1869 ex
1769 1828 1980 1871 errore
2009 1807 2397 1894 typographi

219 1924 307 1966 an
350 1925 426 1967 ex
467 1904 827 1969 coniectura
854 1905 1129 1974 editoris.
1183 1904 1475 1990 Zingerle
1519 1904 1630 1988 qui
1674 1904 1784 1969 hos
1827 1928 2038 1970 versus
2075 1905 2142 1969 in
2171 1908 2396 1973 ceteris

218 2005 668 2090 manuscriptis
730 2006 1083 2071 multifarie
1152 2011 1478 2091 corruptos
1543 2004 1825 2090 integros
1885 2005 1998 2071 dat
2053 2026 2132 2071 ex
2185 2006 2396 2073 codice

219 2102 721 2169 Innsbruckiano
779 2104 1006 2186 (Pseiff.
1062 2104 1271 2173 Germ.
1327 2107 1380 2170 1.
1427 2107 1598 2187 238.)
1665 2104 1830 2190 quod
1891 2104 2034 2171 dedi
2097 2106 2395 2185 „dieren“

218 2200 481 2268 exhibet
520 2204 909 2288 subiectique
951 2210 1167 2291 partes
1208 2206 1357 2270 huic
1399 2206 1537 2269 voci
1581 2204 1889 2271 vindicat:
1946 2206 2185 2283 „etiam
2238 2231 2398 2273 non·-

218 2304 437 2369 nullae
478 2306 727 2389 puellae
770 2306 987 2370 dicunt
1028 2311 1095 2371 01
1134 2327 1295 2390 qnae
1334 2314 1467 2390 sq.“
1538 2304 1862 2396 vocabulo
1897 2306 2019 2372 isto
2045 2306 2396 2391 significari

216 2403 365 2470 deas
406 2407 634 2471 celeres
675 2413 743 2473 et
776 2409 1013 2472 alacres
1040 2413 1229 2490 putat
1269 2413 1337 2472 et
1375 2409 1534 2472 bene
1576 2412 1921 2492 comparat.
1967 2406 2131 2488 quod
2171 2407 2396 2473 Graeci

218 2499 467 2568 Moeras
496 2505 715 2570 dicunt
742 2506 1062 2590 praeditas
1090 2507 1396 2573 celeribus
1426 2507 1545 2572 alis
1574 2506 1834 2590 (Hymn.
1869 2505 1946 2568 ad
1973 2505 2190 2570 Herm.
2223 2508 2391 2589 553.)

214 2601 534 2687 similique
578 2606 758 2671 modo
802 2605 1115 2690 Erinnyes
1158 2603 1395 2673 veloces
1440 2607 1656 2691 (Soph.
1705 2605 1805 2671 Ai.
1853 2607 1994 2684 838,
2039 2607 2206 2689 844.)

416 2703 784 2788 Afferendus
824 2729 1015 2792 porro
1042 2711 1137 2772 est
1163 2723 1197 2771 e‘
1220 2707 1740 2792 Wackernagelii
1782 2704 2156 2789 anthologia
2183 2727 2392 2770 versus

218 2799 551 2866 Michaelis
594 2803 887 2868 Behamii
934 2805 1111 2869 1007.
1158 2806 1254 2869 37.

608 2917 749 2989 ‘wer
787 2903 1010 2985 gloubt
1052 2902 1121 2964 in
1164 2901 1265 2966 die
1304 2902 1683 2986 geschiipfen

614 3002 731 3066 daz
774 3001 873 3065 die
916 3002 1251 3066 menschen
1292 3002 1542 3086 stepfen

612 3102 741 3164 und
781 3101 1031 3186 fiflegen
1074 3121 1209 3164 waz
1250 3101 1341 3164 im
1381 3099 1690 3166 beschiht.

418 3201 605 3266 Haud
645 3203 831 3268 dubie
884 3203 1087 3288 igitur
1152 3206 1423 3277 constat,
1489 3201 1686 3265 etiam
1750 3198 2139 3284 temporibus
2201 3199 2392 3263 medii

220 3301 361 3364 aevi
410 3303 779 3368 memoriam
836 3302 1242 3387 superstitem
1303 3301 1489 3366 fuisse
1554 3301 1936 3365 feminarum
1999 3298 2392 3381 quarundam

216 3397 473 3464 divinae
514 3399 799 3483 originis,
846 3423 1004 3483 quae
1048 3402 1238 3466 multi
1278 3401 1585 3466 momenti
1626 3405 1830 3466 0000111
1858 3398 1936 3462 ad
1964 3397 2268 3481 regendas
2295 3419 2393 3462 res

220 3494 543 3578 vitamque
585 3495 941 3570 hominum3
1002 3497 1108 3560 sed
1151 3497 1215 3560 id
1257 3498 1353 3561 ita
1392 3520 1497 3562 000
1539 3498 1779 3573 fecisse,
1844 3502 1920 3562 ut
1971 3503 2216 3562 versato
2257 3498 2392 3562 fuso

220 3593 499 3658 stamina
524 3593 823 3658 ducerent
852 3594 1063 3677 eisque
1088 3595 1289 3660 scissis
1314 3595 1505 3658 finem
1533 3596 1818 3659 facerent
1847 3597 2017 3660 vitae
2046 3595 2390 3674 hominum,

220 3695 355 3757 01110
398 3691 713 3776 opinionis
756 3692 1025 3776 vestigia
1066 3699 1322 3776 praeter
1364 3697 1650 3756 nostrum
1707 3694 1909 3758 locum
1962 3717 2090 3758 non
2145 3700 2386 3761 extant.

222 3790 493 3874 Ideoque
544 3789 711 3855 haud
772 3795 1005 3855 temere
1068 3789 1399 3854 dicendum
1460 3796 1578 3867 est,
1645 3790 1760 3855 has
1822 3795 2088 3858 feminas
2148 3794 2394 3860 divinas

220 3915 473 3978 prorsus
515 3891 789 3958 eiusdem
832 3897 1099 3956 naturae
1142 3891 1329 3955 fuisse
1372 3913 1445 3956 ac
1486 3891 1736 3956 Nomas
1781 3892 1946 3977 apud
1988 3898 2207 3974 gentes
2235 3893 2392 3958 Ger-

222 4013 439 4056 manas
514 3991 1040 4075 septentrionales
1102 3989 1594 4074 Marnerumque
1669 3999 1912 4056 veteres
1991 3992 2392 4078 popularium

222 4091 588 4176 relligiones
629 4098 909 4158 secutum
949 4091 1165 4156 fecisse
1207 4109 1311 4156 ees
1362 4093 1588 4156 lanam*
1629 4097 1980 4158 tractantes
2042 4097 2108 4156 et
2163 4090 2392 4156 discer-

224 4197 455 4274 pentes,
546 4191 759 4256 Potest
822 4210 969 4256 sane
1036 4192 1101 4254 id
1164 4214 1321 4269 esse,
1389 4193 1763 4276 praesertim
1825 4213 1966 4254 cum
2032 4191 2099 4254 in
2163 4191 2394 4255 fabulis

2003 4293 2064 4343 10

2947 4471 2956 4473 ι

3017 4242 3025 4433 :vma-
3017 3945 3026 4234 *vn—Qss..
3023 3929 3025 3938 μ
3021 3887 3025 3922 ....
