3035 4726
1681 342 1762 407 86

844 523 1105 590 Prorsus
1176 522 1419 590 eosdem
1469 521 1690 589 titulos
1751 530 2090 606 utrumque
2141 542 2336 607 genus
2375 522 2547 607 gerit
2609 546 2813 610 neque

646 621 802 687 alios
844 622 960 687 illa
1002 621 1310 699 carmina,
1330 650 1343 657 ·
1374 642 1535 704 quae
1578 640 1776 703 neque
1827 619 1896 682 in
1938 616 2568 707 Heidelbergensibus
2607 646 2814 708 neque

644 722 715 785 in
766 721 1107 787 Parisiensi
1156 725 1396 785 extant.
1482 718 1630 785 Non
1693 719 1897 804 igitur
1959 719 2104 785 aliis
2166 721 2556 805 argumentis
2617 746 2813 807 quam

642 822 933 900 internis,
996 828 1071 887 ut
1133 821 1229 886 ita
1268 819 1502 897 dicam,
1573 818 1917 904 depromtis
1966 842 2000 883 e
2041 820 2394 885 carminum
2443 825 2680 887 natura
2693 870 2708 901 ,
2779 846 2813 888 e

643 942 873 1007 genere
934 920 1180 986 dicendi
1242 923 1309 985 et
1368 922 1552 985 rebus
1607 920 1887 987 metricis
1937 926 2194 987 utamur
2245 928 2512 1006 oportet,
2565 923 2619 987 si
2661 946 2813 1009 cog-

642 1042 894 1087 noscere
936 1022 1234 1098 volumus,
1278 1042 1437 1104 quae
1476 1040 1588 1084 suo
1629 1019 1766 1085 iure
1795 1018 2080 1085 Marneri
2121 1022 2374 1085 nomine
2402 1028 2629 1093 ornata
2656 1024 2808 1091 sint.

838 1121 959 1187 Sed
1000 1121 1305 1205 quomodo
1359 1119 1514 1184 haec
1565 1120 1848 1185 carmina
1899 1120 2142 1187 tradita
2202 1125 2352 1186 sunt
2366 1168 2382 1199 ,
2446 1144 2605 1205 quae
2668 1128 2814 1189 erat

642 1220 991 1287 scribarum
1017 1242 1215 1305 parva
1242 1242 1411 1298 cura,
1440 1224 1657 1285 utrum
1686 1240 1834 1285 vera
1861 1224 2190 1306 poetarum
2220 1222 2412 1285 verba
2437 1220 2816 1287 exhiberent

646 1340 877 1398 annon,
922 1324 1143 1384 contra
1184 1318 1349 1403 quod
1387 1318 1663 1383 studium
1704 1322 1778 1383 ut
1805 1319 2184 1404 adaptarent
2209 1326 2500 1405 poemata
2527 1326 2815 1387 veterum

642 1421 973 1501 poetarum
1012 1418 1110 1483 sui
1150 1419 1453 1503 temporis
1496 1419 1740 1503 legibus
1781 1420 2114 1503 rythmicis
2155 1425 2222 1485 et
2261 1421 2560 1499 metricis,
2605 1421 2814 1485 facere

644 1538 771 1581 non
813 1539 1149 1602 possumus,
1194 1518 1349 1603 quin
1390 1517 1511 1582 hac
1549 1518 1935 1583 scrutatione
1963 1517 2134 1583 haud
2161 1519 2257 1585 ita
2283 1520 2557 1583 multum
2585 1519 2814 1605 profici

642 1613 1061 1679 concedamus.
1148 1613 1468 1701 Imprimis
1511 1614 1675 1699 quod
1711 1614 1792 1679 ad
1817 1636 1916 1680 res
1943 1621 2009 1681 et
2035 1617 2379 1683 sententias
2407 1618 2508 1683 his
2531 1619 2815 1705 strophis

642 1717 969 1780 contentas
1008 1714 1263 1791 attinet,
1310 1714 1497 1779 facile
1541 1713 1646 1779 hic
1688 1714 1818 1793 has,
1863 1715 1974 1779 illc
2017 1716 2164 1783 illas
2206 1740 2245 1782 a
2286 1716 2590 1783 Mai-nexo·
2627 1718 2814 1783 abin-

643 1812 902 1892 dicabit,
947 1834 1098 1897 quas
1143 1813 1257 1879 alii
1300 1812 1501 1877 eidem
1543 1813 1864 1880 vindicare
1907 1837 2028 1879 non
2075 1814 2474 1882 dubitabunt.
2549 1817 2814 1882 Auxilia

643 1913 910 1979 meliora
950 1918 1165 1999 petere
1206 1918 1566 1998 poteramus
1627 1936 1704 1981 ex
1760 1914 2150 1998 argumentis
2209 1938 2246 1979 a
2295 1916 2479 1981 rebus
2529 1918 2815 1983 metricis

644 2019 712 2077 et
750 2013 1183 2097 grammaticis
1226 2012 1584 2097 depromtis,
1650 2013 1774 2078 nisi
1836 2013 2329 2097 cognovissemus
2381 2038 2458 2079 ex
2511 2016 2816 2101 exemplis

644 2132 837 2195 supra
878 2111 1111 2189 allatis,
1165 2112 1377 2175 omnia
1420 2112 1706 2178 carmina
1747 2113 1844 2179 ita
1883 2116 2132 2177 mutata
2174 2136 2301 2180 esse
2344 2138 2382 2181 a
2421 2116 2672 2193 scribis,
2733 2121 2816 2179 ut

646 2233 845 2298 paene
887 2214 1134 2278 nullum
1174 2234 1438 2291 versum,
1483 2213 1580 2277 ita
1605 2218 1680 2277 ut
1706 2214 2012 2299 scriptum
2039 2220 2214 2293 esset,
2261 2217 2342 2280 ab
2371 2214 2472 2281 his
2499 2214 2816 2281 codicibus

648 2314 1070 2380 exhiberetur.

740 2473 749 2488 ,
842 2417 980 2493 Qua
1022 2416 1095 2480 de
1138 2438 1322 2481 causa
1362 2416 1647 2500 equidem
1689 2416 1758 2480 in
1801 2415 1900 2480 his
1954 2417 2138 2482 rebus
2187 2437 2443 2502 operam
2493 2418 2559 2480 et
2600 2415 2814 2479 oleum

648 2517 905 2601 perdere
946 2518 1092 2582 nolo
1131 2539 1333 2601 neque
1373 2517 1572 2596 video,
1614 2537 1914 2601 magnam
1953 2517 2141 2582 fidem
2171 2513 2640 2584 attribuendam
2684 2537 2816 2579 esse

647 2615 996 2693 Bartschio,
1040 2615 1094 2679 si
1135 2615 1249 2680 has
1288 2617 1534 2700 spurias
1575 2639 1700 2682 esse
1742 2615 2084 2694 contendit,
2136 2617 2282 2682 illas
2337 2615 2634 2684 Marnero
2688 2613 2820 2697 ipsi

648 2716 860 2782 deberi
908 2721 1133 2781 censet.
1227 2714 1499 2781 Omnino
1562 2738 1682 2801 pro
1743 2739 1852 2782 suo
1914 2717 2172 2802 quisque
2237 2715 2508 2782 arbitrio
2570 2735 2646 2778 ex
2711 2712 2818 2776 his

646 2816 859 2900 eliget,
904 2837 1063 2898 quae
1104 2811 1515 2880 Marneriana
1557 2815 1831 2901 putabit.

845 2915 1282 3001 cognoscimus
1322 2939 1513 3002 porro
1555 2940 1633 2982 ex
1675 2917 1793 2982 hoc
1835 2914 2220 2981 Colmarensi
2263 2914 2593 2999 rythmum
2634 2910 2819 2976 Mar-

646 3015 979 3080 nerianum
1020 3015 1225 3080 adhuc
1264 3016 1443 3082 nohis
1485 3017 1791 3102 ignotum.
1876 3013 2089 3080 Habet
2138 3013 2309 3078 enim
2361 3013 2476 3080 sub
2515 3009 2812 3076 XLVIII.

646 3115 785 3179 519.
828 3135 937 3202 pg.
977 3115 1118 3180 475.
1164 3137 1218 3180 a.
1260 3136 1517 3182 carmen
1545 3117 1616 3182 in
1643 3115 1901 3202 rythmo
1927 3113 2357 3200 compositum,
2401 3113 2512 3198 qui
2535 3109 2819 3198 prophe-

643 3221 860 3280 tarum
900 3215 1151 3282 dicitur.
1257 3216 1465 3283 Affert
1527 3223 1656 3283 tres
1719 3215 2040 3301 strophas,
2106 3235 2372 3297 quarum
2433 3211 2710 3297 primam
2775 3232 2824 3276 a

648 3315 1011 3381 Monacensi
1076 3338 1321 3400 quoque
1382 3315 1704 3382 Bartschii
1766 3313 1920 3399 (cod.
1979 3334 2183 3398 gem.
2247 3313 2396 3394 351)
2462 3334 2523 3395 p.
2582 3309 2704 3374 198
2755 3331 2818 3374 a.

646 3414 1003 3484 exhibitam
1042 3413 1410 3482 Bartschius
1465 3416 1639 3502 typis
1689 3413 2161 3501 exprimendam
2216 3412 2479 3479 curavit.
2577 3411 2819 3487 Quam-

646 3534 836 3598 quam
878 3517 1091 3578 autem
1130 3513 1459 3598 proprium
1498 3513 1786 3578 Marneri
1827 3533 2081 3578 carmen
2121 3511 2328 3576 scriba
2367 3510 2488 3575 hoc
2529 3509 2822 3595 appellat

650 3613 827 3695 („der
868 3613 1409 3698 prophetendantz
1450 3615 1556 3680 ein
1598 3636 1802 3700 eygen
1843 3612 2088 3698 geticht
2129 3613 2234 3678 des
2261 3612 2628 3694 marners“),
2675 3628 2818 3672 cer-

644 3712 884 3777 tissime
926 3712 1080 3778 haec
1120 3712 1381 3797 stropha
1422 3711 1709 3778 Marneri
1749 3734 1876 3777 non
1918 3716 2028 3776 est.
2113 3707 2156 3775 J
2160 3733 2262 3776 am
2304 3708 2564 3774 offendit
2590 3708 2820 3773 littera

650 3816 765 3889 „e“
809 3810 879 3874 in
921 3813 1154 3888 „1’iber“
1196 3814 1465 3891 sublata,
1508 3814 1618 3878 sed
1658 3814 1816 3878 ferri
1855 3815 2093 3897 potest:
2147 3811 2256 3876 sed
2309 3829 2619 3894 nusquam
2658 3829 2815 3873 con-

646 3909 830 3974 cessit
874 3910 998 3974 sibi
1038 3910 1369 3977 Marnerus
1411 3915 1672 3978 verbum
1715 3911 2050 3990 „dienent“
2089 3912 2275 3976 unius
2302 3911 2505 3976 instar
2521 3910 2818 3993 syllabae

649 4010 948 4078 adhibere
987 4034 1189 4100 neque
1230 4013 1520 4080 litteram
1562 4019 1682 4093 „a“
1724 4014 1795 4078 in
1829 4011 2046 4093 „Eva“
2089 4015 2238 4078 ante
2279 4010 2488 4090 „und“
2527 4030 2644 4104 per
2683 4009 2817 4072 ele-

648 4112 886 4180 sioncm
929 4112 1170 4180 tollere.
1254 4113 1428 4190 Quae
1462 4135 1660 4198 :porro
1695 4134 1938 4197 semper
1967 4116 2234 4196 apparet
2259 4110 2526 4176 Latinae
2552 4110 2817 4193 linguae

649 4212 885 4296 peritia
926 4234 1052 4278 non
1092 4235 1306 4297 parva,
1354 4211 1723 4292 ,‚occidant“
1765 4208 2098 4294 scripsisse,
2157 4212 2232 4272 nt
2272 4209 2534 4274 verbum
2576 4205 2818 4272 habeat
