3035 4726
127 355 132 360 ⁸
221 253 741 354 {Hus'zqomdq
758 241 812 332 J?

219 376 402 446 11-10
424 350 513 436 ἔα
533 375 574 444 4
705 351 727 385 ⁰

109 505 116 514 ·
161 467 170 475 ”
211 477 236 539 t
271 477 316 540 3
356 481 382 533 J
401 473 443 546 4
460 482 505 570 7

295 1017 626 1084 Praefatio
723 1067 2075 1084 ..............
2124 1041 2181 1103 p.
2272 1021 2432 1084 3-5

291 1125 352 1200 ξ.
409 1123 461 1184 1.
551 1119 656 1189 De
698 1121 840 1187 vita
882 1120 1182 1188 Mameri
1240 1167 2074 1183 .........
2123 1143 2182 1203 p.
2274 1121 2476 1183 6—19

289 1223 349 1300 §-
396 1223 456 1284 2.
545 1219 649 1287 De
691 1220 1113 1287 carminibus
1168 1220 1242 1286 in
1285 1220 1520 1287 codice
1562 1218 1888 1286 Parisino
1933 1237 2077 1286 ser·

535 1320 712 1388 vatis
819 1367 2073 1384 .............
2121 1342 2179 1403 p.
2230 1321 2477 1384 20—-26

289 1423 350 1499 ἓ.
399 1421 456 1483 3.
545 1417 648 1486 De
690 1421 898 1486 rebus
942 1419 1254 1486 metricis
1340 1467 2076 1482 ........
2124 1441 2183 1503 p.
2231 1420 2477 1482 26—46

537 1517 584 1582 Ι.
676 1517 768 1582 De
796 1518 1199 1583 trichotomia
1221 1517 1573 1582 carminum
1598 1521 1663 1582 et
1676 1518 2081 1601 stropharum

667 1619 1113 1701 compositione
1129 1668 2075 1682 ..........
2125 1640 2183 1701 p.
2231 1619 2477 1684 27—30

518 1718 595 1782 II.
688 1717 781 1781 De
827 1740 1116 1782 versuum
1160 1715 1455 1781 clausulis
1497 1716 1810 1780 similibus
1855 1766 1867 1779 .
1957 1766 1969 1780 .
2062 1767 2074 1781 .
2121 1741 2181 1802 p.
2230 1721 2474 1783 30--32

479 1815 590 1880 III.
680 1815 772 1880 De
859 1839 1148 1880 versuum
1233 1821 1555 1881 structura
1625 1817 2078 1899 verborumque

671 1915 936 1979 metrica
980 1915 1500 2000 pronuntiatione
1544 1961 2074 1980 ......
2124 1939 2182 2001 p.
2231 1918 2476 1982 33—46

669 2015 742 2078 A.
836 2013 928 2078 De
975 2014 1140 2078 thesi
1183 2015 1408 2078 omissa
1431 2064 2075 2080 .......
2122 2040 2184 2101 p.
2232 2018 2478 2082 33—34

669 2111 737 2176 B.
828 2111 920 2176 De
966 2114 1254 2177 anacrusi
1338 2165 1866 2179 ......
1962 2136 1974 2150 ·
2063 2166 2074 2179 .
2122 2139 2181 2201 Ρ.
2230 2118 2479 2184 34-38

670 2212 734 2275 C.
832 2211 925 2276 De
971 2218 1230 2277 accentu
1276 2214 1546 2298 ancipiti
1644 2265 2073 2280 .....
2122 2239 2182 2300 Ρ.
2231 2217 2475 2281 38—40

667 2310 742 2375 D.
833 2309 926 2375 De
957 2312 1198 2376 arsibus
1226 2317 1292 2377 et
1321 2313 1601 2380 thesibus
1622 2315 2070 2400 monosyllabis
2114 2338 2172 2400 p.
2220 2316 2475 2381 40—46

835 2412 901 2478 [1.
955 2412 1020 2466 de
1069 2412 1300 2467 elisione.
1370 2415 1416 2467 2.
1473 2414 1541 2467 de
1583 2432 1841 2489 apocope.
1910 2416 1957 2467 3.
2011 2415 2077 2469 de

835 2512 1082 2564 syncope.
1155 2498 1200 2548 4.
1250 2496 1315 2550 de
1351 2497 1686 2565 correptione
1733 2499 2074 2563 syllabarum.

837 2580 883 2631 5.
938 2577 1004 2631 de
1039 2578 1398 2633 inclinatione.
1470 2582 1516 2633 6.
1554 2580 1620 2633 de
1655 2580 2005 2649 synaloiphe.]

293 2658 353 2737 ξ.
401 2659 459 2721 4.
547 2656 1048 2729 Annotationes
1093 2654 1375 2730 criticae
1420 2662 1489 2730 et
1532 2664 1968 2745 exegeticae.
2059 2714 2072 2727 .
2121 2686 2179 2747 p.
2228 2665 2476 2727 46—78

291 2760 348 2837 ξ.
400 2758 454 2822 5.
541 2756 645 2826 De
703 2761 1122 2828 carminibus
1176 2782 1217 2829 a
1268 2762 1504 2830 codice
1560 2761 1886 2831 Parisino
1939 2782 2078 2831 non

536 2858 828 2924 servatis
915 2909 2065 2927 ............
2114 2887 2175 2947 p.
2228 2864 2475 2926 79—-89

1089 3134 1683 3176 ψ,-

2506 35 2747 128 (8ὶὲ

2524 185 2933 286 ΜΞΞΟ

2552 325 2823 437 3310
