3035 4726
1289 359 1364 422 13

626 537 793 604 Herr
835 537 1092 604 Mamer
1135 541 1246 604 der
1287 541 1449 604 dritt
1489 541 1795 624 genannt,

627 637 752 700 Ein
795 637 1011 701 Ritter
1053 636 1122 699 in
1164 636 1506 702 Schwaben
1551 636 1861 711 bekanut;

230 757 427 820 porro
473 738 606 802 loco
648 739 776 802 iam
820 739 1034 812 citat0,
1079 758 1262 819 quem
1305 734 1513 799 Feller
1554 736 1882 819 descripsit
1924 762 1956 802 e
1999 737 2205 802 codice
2248 737 2403 820 Lip-

225 839 419 902 siensi
461 839 812 902 carminum
853 838 1321 922 magistralium
1336 838 1409 922 ¹):

627 937 690 1005 C.
737 937 1012 1014 Mamer,
1058 938 1162 1002 ein
1203 937 1555 1002 Edelmann
1598 959 1707 1002 aus
1748 937 2107 1002 Schwaben.

428 1036 515 1101 Hi
557 1042 776 1121 poetae
811 1037 1225 1120 magistraleS,
1281 1038 1436 1119 quin
1463 1038 1666 1102 nobili
1695 1039 1829 1102 loco
1856 1035 2187 1101 Marnerus
2214 1041 2402 1100 natus

223 1137 312 1202 sit
354 1159 482 1201 non
524 1137 834 1202 dubitant.

428 1236 530 1300 Ita
559 1259 811 1300 carmen
841 1235 1001 1298 illud
1028 1233 1557 1320 Norimbergense
1586 1236 1789 1320 (Wgs.
1822 1237 1969 1321 506)
1999 1235 2154 1300 haec
2180 1235 2399 1298 habet:

627 1335 736 1399 der
776 1335 1029 1399 siebend
1072 1335 1212 1398 hiez
1255 1334 1384 1398 und
1424 1357 1559 1400 war
1600 1358 1721 1400 von
1765 1335 1907 1400 adel

625 1436 888 1519 Ludwig
927 1435 1207 1511 Mamer,
1252 1435 1362 1500 der
1403 1435 1597 1500 kunst
1638 1433 1767 1500 ohn
1808 1434 2002 1498 Tadel

625 1535 869 1598 schamt
909 1534 1044 1598 sich
1083 1534 1406 1598 derselben
1448 1556 1568 1618 gar
1610 1535 1817 1609 nicht3

227 1639 296 1698 et
339 1655 560 1717 poema
603 1635 926 1717 Augustae
969 1631 1444 1698 vindelicorum
1459 1632 1510 1718 ²)
1552 1639 1869 1699 servatum
1911 1635 2097 1698 haec:

625 1733 734 1796 der
778 1732 948 1796 edel
989 1731 1247 1796 Mamer
1287 1733 1523 1798 nacher
1564 1734 1710 1798 drat

625 1856 694 1897 er
735 1832 885 1897 sach
925 1833 1035 1896 der
1077 1853 1256 1896 rosen
1297 1833 1442 1897 zire.

227 1956 346 1996 1100
410 1933 618 1997 minus
681 1933 956 1996 nobilem
1021 1932 1334 2016 originem
1397 1931 1458 1996 ei
1515 1931 1845 1995 vindicant
1896 1951 2107 1996 omnes
2172 1929 2407 1994 indices

231 2034 722 2098 clarissimorum
785 2054 1032 2116 poeseos
1094 2032 1543 2115 magistrorum
1555 2031 1631 2115 ³):
1700 2031 1795 2094 ita
1858 2048 1999 2094 cum
2062 2030 2233 2097 inter
2297 2028 2409 2093 hos

231 2155 446 2196 omnes
487 2133 738 2216 generis
778 2131 1080 2196 nobilitas
1122 2135 1381 2208 constet,
1427 2130 1750 2214 Hagenius
1792 2151 2033 2214 quoque
2069 2153 2196 2196 non
2224 2134 2409 2200 dubi-

232 2232 423 2310 tavit,
469 2231 744 2314 equitem
785 2253 928 2294 eum
971 2233 1294 2315 appellare
1335 2231 1621 2296 Suevum.
1688 2231 1995 2296 Attamen
2035 2232 2239 2298 facere
2280 2259 2409 2302 11011

233 2352 502 2416 possum,
550 2331 703 2415 quin
747 2330 910 2395 hanc
953 2353 1088 2395 rem
1131 2331 1311 2395 valde
1355 2332 1423 2395 111
1451 2331 1710 2399 dubium
1738 2354 1965 2397 vocem.
2023 2331 2411 2401 Testimonia

231 2434 351 2495 illa
392 2435 722 2515 poetarum
749 2431 1218 2515 magistralium
1247 2434 1628 2497 auctoritate
1670 2454 1919 2517 prorsus
1960 2440 2207 2509 carent;
2248 2457 2408 2519 gau-

211 2531 469 2595 'debant
509 2531 680 2596 enim
721 2532 953 2597 fabulis
996 2532 1310 2610 ridiculis,
1377 2537 1450 2596 ut
1514 2532 1645 2597 arti
1706 2555 1853 2597 suae
1916 2536 1981 2597 et
2036 2532 2407 2616 disciplinae

231 2630 540 2695 maiorem
603 2630 877 2714 gloriam
942 2635 1131 2715 atque
1195 2632 1496 2697 honorem
1570 2632 1905 2697 induerent
1972 2632 2169 2715 deque
2234 2634 2406 2712 viriS,

233 2753 389 2813 quos
431 2732 768 2815 magistros
794 2752 1042 2814 poeseos
1067 2732 1436 2816 praecipuos
1461 2732 1699 2817 primas
1729 2732 1895 2815 leges
1922 2730 2156 2795 dedisse
2183 2732 2411 2797 scholis

233 2831 364 2895 suis
403 2831 874 2915 gloriabantur,
932 2832 1098 2895 mira
1141 2836 1492 2897 commenta
1547 2834 1617 2897 in
1665 2833 1885 2916 volgus
1940 2832 2224 2897 edebant.
2312 2832 2411 2897 Ex

235 2932 604 3013 aequalibus
667 2935 878 2995 autem
943 2932 1154 2995 nullus
1217 2932 1348 2995 eius
1409 2931 1642 2995 nobilis
1696 2931 1963 3015 originis
2024 2931 2409 2996 mentionem

233 3030 412 3094 facit.
499 3030 736 3095 Contra
778 3036 1154 3113 argumenta
1197 3035 1420 3095 extant
1436 3080 1450 3109 ,
1517 3054 1553 3094 e
1604 3032 1827 3114 quibus
1877 3031 2407 3095 verisimillimum

235 3130 339 3206 sit,
386 3130 632 3214 plebeio
675 3131 809 3193 loco
851 3128 1218 3195 Mamerum
1262 3132 1473 3193 ortum
1515 3152 1659 3193 esse.

435 3228 722 3293 Primum
781 3229 1067 3312 equidem
1123 3229 1372 3292 nullum
1421 3228 1685 3311 cognovi
1748 3229 2103 3313 exemplum
2120 3278 2135 3305 ,
2203 3230 2409 3294 virum

237 3326 518 3391 nobilem
580 3326 770 3389 huius
823 3326 1053 3391 aetatis
1103 3326 1320 3409 poesin
1371 3329 1731 3409 amplexum
1781 3329 2127 3413 deposuisse
2184 3352 2409 3393 nomen

237 3430 448 3514 gentis
474 3450 622 3492 suae
649 3433 716 3492 et
741 3427 1072 3511 suscepisse
1099 3447 1474 3511 cognomen;
1504 3432 1727 3493 contra
1752 3450 1996 3512 semper
2022 3428 2139 3491 hoc
2166 3429 2412 3492 faciunt

240 3531 341 3594 his
395 3528 778 3612 temporibus
821 3531 1042 3611 poetae
1083 3528 1441 3611 populares,
1496 3550 1763 3610 quorum
1813 3532 2031 3612 gentes
2079 3528 2411 3611 gentilicia

245 3629 506 3715 propria
548 3651 675 3693 non
719 3628 846 3691 iam
873 3628 1197 3711 gerebant.
1268 3626 1488 3710 Neque
1517 3628 1582 3691 id
1608 3628 1861 3693 silentio
1887 3627 2412 3713 praetereundum

441 3746 479 3813 ι)
547 3746 596 3797 J.
630 3744 825 3797 Fellers
860 3743 1097 3797 Vorrede
1129 3761 1222 3797 zur
1254 3743 1469 3798 Uebers.
1514 3762 1620 3799 von
1665 3745 1729 3798 D.
1764 3744 2025 3799 Ger-hardi
2068 3744 2232 3797 medt.
2278 3762 2411 3797 saer.

242 3830 382 3897 Lips.
420 3829 564 3882 1690.
634 3828 701 3880 cf.
736 3826 942 3890 Tenzel,
976 3828 1195 3881 monatl.
1229 3827 1671 3897 Unterredungen
1706 3829 1849 3883 1691.
1882 3848 1935 3897 p.
1971 3830 2084 3881 946.

439 3914 478 3979 ’)
545 3912 892 3981 Augsburger
946 3910 1078 3967 Lied
1125 3928 1232 3965 von
1281 3910 1386 3965 den
1434 3912 1496 3964 12
1540 3911 1791 3965 meistern
1837 3911 1911 3963 im
1944 3911 2318 3977 Rosengarten
2349 3909 2412 3963 H.

439 4079 480 4147 ⁸)
547 4080 700 4147 Wgs.
737 4079 850 4131 509.
918 4078 965 4129 7.
1000 4076 1147 4130 Hans
1179 4076 1406 4145 Ludwig
1427 4076 1655 4141 Mamer,
1692 4078 1778 4131 ein
1813 4077 2107 4131 edelmann.
2163 4076 2417 4129 Valentia

241 4163 448 4231 Voigt's
483 4161 872 4215 Verzeichniss:
941 4162 988 4214 9.
1025 4161 1119 4213 der
1154 4160 1269 4213 edel
1291 4160 1521 4215 Mamer.
1572 4161 1923 4223 Puschmactm,
1959 4162 2167 4228 grfindL
2202 4159 2419 4213 Bericht

241 4264 290 4299 11.
327 4265 367 4299 s.
405 4246 467 4299 f.:
536 4247 582 4296 3.
618 4245 680 4297 Κ.
715 4244 940 4306 Mamer,
977 4244 1062 4297 ein
1097 4244 1393 4297 edelmann.
