3035 4726
1302 363 1340 428 5

235 544 366 612 viri
409 545 577 612 docti
619 569 744 613 nou
786 547 1029 613 minore
1070 546 1418 632 sagacitate
1463 566 1653 629 quam
1698 541 2010 608 industria
2051 539 2121 606 in
2162 561 2234 606 eo
2276 540 2416 606 ela--

233 647 623 727 boraverint,
668 653 743 713 ut
770 648 1016 734 legibus
1044 646 1397 714 accuratius
1424 644 1767 712 intellectis
1794 641 2075 708 metricis
2102 644 2168 706 et
2194 660 2411 726 gram-

233 747 487 814 maticis
528 748 788 834 linguae
829 749 1240 816 Germanicae
1281 745 1474 814 medii
1526 745 1667 812 aevi
1706 743 2098 829 distinguere
2138 744 2410 828 possent,

235 867 398 931 quae
425 870 466 912 a
490 847 694 932 poetis
733 847 886 932 ipsis
923 847 1164 932 scripta
1204 850 1426 924 essent,
1470 862 1631 928 quae
1670 863 1787 928 per
1818 841 2168 908 scribarum
2194 841 2413 926 negle-

241 944 530 1031 gentiam
591 947 662 1010 in
723 951 970 1012 textum
1021 945 1250 1031 illapsa
1305 945 1589 1010 codicum
1638 942 2244 1027 manuscriptorumz
2296 960 2421 1002 nec

233 1063 556 1127 possumus
596 1043 666 1108 in
707 1043 798 1108 eis
839 1043 1228 1128 acquiescere
1269 1063 1430 1128 quae
1470 1040 1549 1106 de
1590 1040 1729 1106 vita
1767 1044 1833 1105 ct
1874 1039 2166 1126 operibus
2192 1043 2412 1124 poeta-

235 1161 380 1204 rum
422 1141 534 1205 ille
574 1140 960 1226 conscripsit.
1045 1140 1220 1226 Opus
1259 1141 1331 1206 in
1369 1163 1438 1206 se
1478 1139 1721 1224 recepit
1768 1139 1961 1204 nimia
2000 1159 2305 1223 magnum
2347 1141 2414 1202 et

235 1238 620 1306 laboriosum
665 1261 856 1326 quam
905 1243 1072 1328 quod
1125 1241 1196 1307 in
1249 1240 1541 1308 omnibus
1591 1241 1776 1305 rebus
1830 1243 2155 1324 praestare
2206 1243 2414 1322 posset

233 1339 664 1412 subtilitatem
717 1347 786 1408 et
839 1363 1059 1407 curam
1117 1342 1375 1408 anxiam
1429 1346 1496 1406 et
1532 1340 1866 1406 ·minutam
1917 1361 1957 1404 a
2007 1337 2187 1404 nobis
2246 1357 2423 1401 nunc

235 1437 627 1522 requisitam.
723 1437 1073 1524 Elegerunt
1129 1439 1255 1505 eibi
1317 1438 1541 1503 deinde
1590 1437 1873 1522 singulos
1920 1459 1999 1503 ex
2050 1435 2151 1502 his
2212 1434 2421 1522 poetis

237 1535 496 1602 canticis
535 1537 662 1603 viri
703 1538 1075 1619 doctissimi,
1118 1545 1194 1605 ut
1229 1539 1430 1605 denuo
1457 1542 1853 1604 recenserent
1878 1536 2181 1615 carmina,
2224 1535 2417 1601 disee-

237 1639 458 1700 rerent
497 1633 574 1700 de
603 1641 758 1700 -arte
797 1637 1068 1703 metrica
1117 1642 1184 1703 et
1223 1659 1454 1723 genere
1495 1636 1762 1717 dicendi,
1810 1640 2075 1722 agerent
2114 1636 2193 1701 de
2234 1635 2425 1701 rebus

243 1735 330 1800 ab
369 1733 462 1800 eis
497 1735 722 1819 gestinz
771 1736 879 1801 aed
933 1739 1044 1823 qni
1083 1743 1180 1804 est
1221 1738 1447 1804 horum
1487 1741 1820 1824 poetarum
1862 1736 2085 1824 ingena
2124 1759 2427 1802 numerus

239 1838 311 1899 et
350 1833 518 1899 mira
557 1835 910 1902 carminum
951 1844 1346 1906 servatorum
1386 1835 1750 1916 multitudo,
1794 1838 1991 1903 etiam
2032 1858 2201 1902 nunc
2226 1835 2419 1900 multi

237 1951 320 1998 ex
371 1931 474 1998 hin
519 1938 695 2012 sunt,
759 1935 831 2001 in
887 1957 1040 2022 qnos
1096 1935 1452 2002 accuratius
1511 1933 1835 2020 inquirere
1888 1955 2426 2020 supervacaneum

241 2051 376 2096 non
435 2035 560 2110 eet,
630 2035 698 2097 et
749 2053 893 2098 cum
955 2033 1036 2100 ad
1093 2034 1380 2101 carmina
1443 2033 1781 2099 tractanda
1842 2033 2195 2099 accederem
2258 2055 2421 2118 quae

237 2126 542 2194 Mataei-o
581 2133 814 2214 ,poetae
869 2131 1338 2210 attribuuntur,
1403 2153 1480 2196 ea
1522 2153 1767 2216 quoque
1806 2132 1883 2199 de
1934 2153 2119 2198 causa
2162 2131 2229 2196 id
2278 2131 2421 2210 feci,

245 2227 416 2313 quod
453 2249 652 2314 paene
693 2229 950 2316 integra
989 2234 1288 2300 materies
1313 2239 1409 2300 eet
1435 2239 1504 2299 et
1542 2255 1777 2320 magno
1816 2233 1957 2298 usui
1998 2233 2133 2298 fore
2172 2229 2427 2297 novicio

244 2327 636 2416 philologiae
677 2329 1090 2398 Germanicae
1137 2335 1436 2401 sectatori
1485 2334 1737 2421 putavi,
1804 2335 2248 2421 argumentum
2298 2329 2422 2397 sibi

245 2450 540 2515 promere
579 2430 750 2497 haud
777 2430 886 2497 ita
927 2433 1173 2500 tritum.

445 2529 926 2599 Dissertationis
967 2554 1144 2601 meae
1185 2535 1502 2601 rationem
1544 2533 1641 2599 ita
1680 2531 1967 2613 institui,
2019 2536 2094 2597 ut
2142 2532 2428 2618 primum

243 2629 316 2695 in
357 2631 424 2697 id
465 2632 871 2718 inquirerem,
915 2656 1076 2720 quae
1115 2636 1194 2701 de
1231 2634 1372 2701 vita
1421 2641 1489 2701 et
1539 2636 1725 2701 rebus
1774 2632 1967 2720 gestis
2015 2635 2239 2717 poetae
2292 2629 2423 2695 dici

241 2738 524 2818 pooeentg
587 2738 727 2798 tum
781 2734 864 2799 ad
913 2735 1197 2801 carmina
1258 2736 1711 2822 perscrutanda
1760 2732 2045 2799 transibo
2093 2730 2423 2817 primoque

246 2832 386 2897 loco
425 2830 503 2896 de
543 2831 633 2896 eis
673 2832 981 2917 poematis
1023 2854 1229 2919 agam,
1274 2856 1435 2918 quae
1477 2833 1648 2898 haud
1688 2832 1875 2898 dubie
1901 2830 2200 2898 Marnero
2230 2830 2425 2895 attri-

256 2930 506 2996 buenda
545 2937 729 3007 sunt3
792 2952 1101 3016 exponam
1150 2930 1319 3015 leges
1379 2932 1697 2997 metricaa'
1738 2934 1805 2995 et
1857 2929 2208 3015 rythmicas
2270 2952 2433 3013 quaa

245 3032 438 3115 poeta
498 3033 746 3093 secutus
806 3032 902 3092 est
963 3032 1031 3093 et
1091 3050 1418 3113 quaeram,
1489 3034 1711 3094 utrum
1770 3030 2003 3115 ubique
2066 3030 2424 3095 exercuerit

248 3135 457 3197 artem
509 3130 843 3195 metricam
892 3150 1120 3213 puram
1183 3134 1250 3195 et
1311 3135 1676 3196 accuratam
1738 3152 1821 3195 an
1884 3130 2209 3196 nonnullis
2271 3130 2428 3195 locis

246 3230 488 3295 maiore
529 3229 794 3295 licentia
832 3250 976 3293 usus
1017 3228 1118 3295 sit.
1205 3229 1452 3295 Addam
1478 3232 1788 3295 nonnulla
1815 3230 1889 3295 de
1918 3251 2147 3315 genere
2173 3230 2422 3295 dicendi

220 3332 332 3395 ‘ab
381 3352 454 3395 eo
505 3328 794 3395 adhibito
841 3332 1400 3415 annotationesque
1449 3332 1704 3397 criticas
1762 3336 1830 3397 et
1868 3332 2235 3417 exegeticus.
2320 3329 2430 3395 Ita

248 3454 394 3497 cum
437 3433 566 3497 iam
609 3437 934 3517 appareat,
977 3454 1139 3517 quae
1179 3436 1404 3517 poetae
1443 3434 1531 3501 sit
1571 3432 1809 3499 indoles
1852 3437 2042 3516 atque
2076 3431 2427 3516 ingenium,

253 3553 358 3597 ars
397 3531 685 3610 metrica,
729 3554 928 3617 genua
953 3530 1217 3609 dicendi,
1263 3537 1512 3597 caetera
1542 3533 1826 3597 carmina
1853 3532 2145 3597 tractabo
2173 3536 2240 3596 et
2266 3550 2433 3614 quae

257 3654 338 3697 ex
380 3631 480 3696 his
521 3636 746 3717 poetae
787 3656 914 3698 ease
955 3632 1119 3697 mihi
1159 3632 1512 3709 videantur,
1558 3632 1984 3697 demonstrare
2026 3631 2317 3696 conabor.

1329 3954 1338 3958 .
1351 3952 1541 3959 .—.—..--.--
