<?xml version="1.0" encoding="UTF-8"?>
<!DOCTYPE html PUBLIC "-//W3C//DTD XHTML 1.0 Transitional//EN"
    "http://www.w3.org/TR/xhtml1/DTD/xhtml1-transitional.dtd">
<html xmlns="http://www.w3.org/1999/xhtml" xml:lang="en" lang="en">
 <head>
  <title>
</title>
<meta http-equiv="Content-Type" content="text/html;charset=utf-8" />
  <meta name='ocr-system' content='tesseract 3.04.00' />
  <meta name='ocr-capabilities' content='ocr_page ocr_carea ocr_par ocr_line ocrx_word'/>
</head>
<body>
  <div class='ocr_page' id='page_1' title='image "./devitaetcarmini00schngoog_0022.png"; bbox 0 0 3035 4726; ppageno 0'>
   <div class='ocr_carea' id='block_1_1' title="bbox 1261 369 1336 432">
    <p class='ocr_par' dir='ltr' id='par_1_1' title="bbox 1261 369 1336 432">
     <span class='ocr_line' id='line_1_1' title="bbox 1261 369 1336 432; baseline 0 0"><span class='ocrx_word' id='word_1_1' title='bbox 1261 369 1336 432; x_wconf 83' lang='lat'>15</span> 
     </span>
    </p>
   </div>
   <div class='ocr_carea' id='block_1_2' title="bbox 193 547 2389 2519">
    <p class='ocr_par' dir='ltr' id='par_1_2' title="bbox 193 547 2385 1105">
     <span class='ocr_line' id='line_1_2' title="bbox 413 547 2383 636; baseline 0.002 -24"><span class='ocrx_word' id='word_1_2' title='bbox 413 547 583 633; x_wconf 84' lang='lat' dir='ltr'>Ergo</span> <span class='ocrx_word' id='word_1_3' title='bbox 626 573 786 634; x_wconf 89' lang='lat' dir='ltr'>quae</span> <span class='ocrx_word' id='word_1_4' title='bbox 827 553 1025 616; x_wconf 86' lang='lat' dir='ltr'>statui</span> <span class='ocrx_word' id='word_1_5' title='bbox 1066 555 1324 636; x_wconf 76' lang='lat' dir='ltr'>possunt</span> <span class='ocrx_word' id='word_1_6' title='bbox 1359 552 1432 616; x_wconf 88' lang='lat' dir='ltr'>de</span> <span class='ocrx_word' id='word_1_7' title='bbox 1461 554 1648 635; x_wconf 88' lang='lat' dir='ltr'>poeta</span> <span class='ocrx_word' id='word_1_8' title='bbox 1677 549 1831 612; x_wconf 88' lang='lat' dir='ltr'>haec</span> <span class='ocrx_word' id='word_1_9' title='bbox 1856 553 2031 612; x_wconf 83' lang='lat' dir='ltr'>sunt:</span> <span class='ocrx_word' id='word_1_10' title='bbox 2078 552 2383 616; x_wconf 86' lang='lat' dir='ltr'>non-nulla</span> 
     </span>
     <span class='ocr_line' id='line_1_3' title="bbox 195 646 2383 736; baseline 0.001 -25"><span class='ocrx_word' id='word_1_11' title='bbox 195 649 496 712; x_wconf 77' lang='lat' dir='ltr'>carmina</span> <span class='ocrx_word' id='word_1_12' title='bbox 541 652 982 715; x_wconf 85' lang='lat' dir='ltr'>attribuuntur</span> <span class='ocrx_word' id='word_1_13' title='bbox 1023 653 1192 729; x_wconf 82' lang='lat' dir='ltr'>viro,</span> <span class='ocrx_word' id='word_1_14' title='bbox 1236 646 1366 736; x_wconf 57' lang='lat' dir='ltr'>‘qui</span> <span class='ocrx_word' id='word_1_15' title='bbox 1433 651 1599 735; x_wconf 86' lang='lat' dir='ltr'>apud</span> <span class='ocrx_word' id='word_1_16' title='bbox 1640 671 1851 715; x_wconf 90' lang='lat' dir='ltr'>omnes</span> <span class='ocrx_word' id='word_1_17' title='bbox 1892 649 2043 724; x_wconf 83' lang='lat' dir='ltr'>„der</span> <span class='ocrx_word' id='word_1_18' title='bbox 2084 648 2383 715; x_wconf 87' lang='lat' dir='ltr'>Marner“</span> 
     </span>
     <span class='ocr_line' id='line_1_4' title="bbox 201 749 2382 835; baseline 0.002 -26"><span class='ocrx_word' id='word_1_19' title='bbox 201 749 603 830; x_wconf 61' lang='lat' dir='ltr'>appellatum</span> <span class='ocrx_word' id='word_1_20' title='bbox 648 750 812 832; x_wconf 85' lang='lat' dir='ltr'>quod</span> <span class='ocrx_word' id='word_1_21' title='bbox 853 773 1082 814; x_wconf 88' lang='lat' dir='ltr'>nomen</span> <span class='ocrx_word' id='word_1_22' title='bbox 1122 773 1321 835; x_wconf 89' lang='lat' dir='ltr'>neque</span> <span class='ocrx_word' id='word_1_23' title='bbox 1363 751 1765 835; x_wconf 87' lang='lat' dir='ltr'>gentilicium</span> <span class='ocrx_word' id='word_1_24' title='bbox 1792 770 1919 811; x_wconf 88' lang='lat' dir='ltr'>esse</span> <span class='ocrx_word' id='word_1_25' title='bbox 1946 749 2213 830; x_wconf 86' lang='lat' dir='ltr'>probare</span> <span class='ocrx_word' id='word_1_26' title='bbox 2240 771 2382 832; x_wconf 89' lang='lat' dir='ltr'>pos-</span> 
     </span>
     <span class='ocr_line' id='line_1_5' title="bbox 193 843 2385 933; baseline 0.001 -25"><span class='ocrx_word' id='word_1_27' title='bbox 193 867 422 909; x_wconf 86' lang='lat' dir='ltr'>sumus</span> <span class='ocrx_word' id='word_1_28' title='bbox 451 843 650 930; x_wconf 88' lang='lat' dir='ltr'>neque</span> <span class='ocrx_word' id='word_1_29' title='bbox 682 849 874 912; x_wconf 86' lang='lat' dir='ltr'>aliter</span> <span class='ocrx_word' id='word_1_30' title='bbox 902 849 1348 933; x_wconf 85' lang='lat' dir='ltr'>interpretari:</span> <span class='ocrx_word' id='word_1_31' title='bbox 1394 869 1779 932; x_wconf 79' lang='lat' dir='ltr'>praenomen</span> <span class='ocrx_word' id='word_1_32' title='bbox 1808 847 1866 910; x_wconf 87' lang='lat' dir='ltr'>ei</span> <span class='ocrx_word' id='word_1_33' title='bbox 1894 847 2161 910; x_wconf 72' lang='lat' dir='ltr'><strong>forsitan</strong></span> <span class='ocrx_word' id='word_1_34' title='bbox 2187 848 2385 912; x_wconf 86' lang='lat' dir='ltr'>fuerit</span> 
     </span>
     <span class='ocr_line' id='line_1_6' title="bbox 201 942 2383 1031; baseline 0.002 -25"><span class='ocrx_word' id='word_1_35' title='bbox 201 942 512 1008; x_wconf 84' lang='lat' dir='ltr'>Conradi:</span> <span class='ocrx_word' id='word_1_36' title='bbox 559 943 730 1008; x_wconf 88' lang='lat' dir='ltr'>haud</span> <span class='ocrx_word' id='word_1_37' title='bbox 769 943 957 1010; x_wconf 89' lang='lat' dir='ltr'>dubie</span> <span class='ocrx_word' id='word_1_38' title='bbox 1001 945 1072 1010; x_wconf 89' lang='lat' dir='ltr'>in</span> <span class='ocrx_word' id='word_1_39' title='bbox 1112 945 1340 1010; x_wconf 84' lang='lat' dir='ltr'>Suevia</span> <span class='ocrx_word' id='word_1_40' title='bbox 1368 951 1543 1012; x_wconf 87' lang='lat' dir='ltr'>ortus</span> <span class='ocrx_word' id='word_1_41' title='bbox 1572 951 1683 1024; x_wconf 89' lang='lat' dir='ltr'>est,</span> <span class='ocrx_word' id='word_1_42' title='bbox 1727 946 1832 1010; x_wconf 89' lang='lat' dir='ltr'>sed</span> <span class='ocrx_word' id='word_1_43' title='bbox 1860 946 2091 1010; x_wconf 87' lang='lat' dir='ltr'>nobilis</span> <span class='ocrx_word' id='word_1_44' title='bbox 2117 946 2383 1031; x_wconf 74' lang='lat' dir='ltr'>originis</span> 
     </span>
     <span class='ocr_line' id='line_1_7' title="bbox 201 1042 818 1105; baseline 0.003 -2"><span class='ocrx_word' id='word_1_45' title='bbox 201 1061 339 1104; x_wconf 90' lang='lat' dir='ltr'>esse</span> <span class='ocrx_word' id='word_1_46' title='bbox 382 1063 511 1104; x_wconf 90' lang='lat' dir='ltr'>non</span> <span class='ocrx_word' id='word_1_47' title='bbox 552 1042 818 1105; x_wconf 83' lang='lat' dir='ltr'>videtur.</span> 
     </span>
    </p>

    <p class='ocr_par' dir='ltr' id='par_1_3' title="bbox 195 1139 2389 1518">
     <span class='ocr_line' id='line_1_8' title="bbox 409 1139 2384 1226; baseline 0.002 -22"><span class='ocrx_word' id='word_1_48' title='bbox 409 1139 702 1204; x_wconf 87' lang='lat' dir='ltr'>Statuere</span> <span class='ocrx_word' id='word_1_49' title='bbox 767 1139 1018 1225; x_wconf 88' lang='lat' dir='ltr'>quidem</span> <span class='ocrx_word' id='word_1_50' title='bbox 1081 1140 1238 1204; x_wconf 87' lang='lat' dir='ltr'>haec</span> <span class='ocrx_word' id='word_1_51' title='bbox 1299 1163 1527 1225; x_wconf 85' lang='lat' dir='ltr'>operae</span> <span class='ocrx_word' id='word_1_52' title='bbox 1590 1165 1717 1206; x_wconf 92' lang='lat' dir='ltr'>non</span> <span class='ocrx_word' id='word_1_53' title='bbox 1777 1143 2057 1226; x_wconf 89' lang='lat' dir='ltr'>pretium</span> <span class='ocrx_word' id='word_1_54' title='bbox 2105 1143 2384 1218; x_wconf 62' lang='lat' dir='ltr'>videtum</span> 
     </span>
     <span class='ocr_line' id='line_1_9' title="bbox 195 1238 2388 1325; baseline 0.002 -23"><span class='ocrx_word' id='word_1_55' title='bbox 195 1243 498 1303; x_wconf 82' lang='lat' dir='ltr'>attamen</span> <span class='ocrx_word' id='word_1_56' title='bbox 539 1240 609 1302; x_wconf 87' lang='lat' dir='ltr'>in</span> <span class='ocrx_word' id='word_1_57' title='bbox 652 1239 750 1303; x_wconf 89' lang='lat' dir='ltr'>his</span> <span class='ocrx_word' id='word_1_58' title='bbox 801 1261 1043 1322; x_wconf 90' lang='lat' dir='ltr'>quoque</span> <span class='ocrx_word' id='word_1_59' title='bbox 1095 1238 1335 1302; x_wconf 81' lang='lat' dir='ltr'>levibus</span> <span class='ocrx_word' id='word_1_60' title='bbox 1390 1241 1575 1304; x_wconf 88' lang='lat' dir='ltr'>rebus</span> <span class='ocrx_word' id='word_1_61' title='bbox 1623 1240 1961 1325; x_wconf 73' lang='lat' dir='ltr'>diligentia</span> <span class='ocrx_word' id='word_1_62' title='bbox 2001 1242 2203 1307; x_wconf 79' lang='lat' dir='ltr'>deesse</span> <span class='ocrx_word' id='word_1_63' title='bbox 2257 1265 2388 1307; x_wconf 90' lang='lat' dir='ltr'>non</span> 
     </span>
     <span class='ocr_line' id='line_1_10' title="bbox 201 1329 2389 1424; baseline 0.004 -26"><span class='ocrx_word' id='word_1_64' title='bbox 201 1335 397 1401; x_wconf 90' lang='lat' dir='ltr'>debet</span> <span class='ocrx_word' id='word_1_65' title='bbox 437 1358 638 1420; x_wconf 88' lang='lat' dir='ltr'>neque</span> <span class='ocrx_word' id='word_1_66' title='bbox 681 1337 833 1400; x_wconf 89' lang='lat' dir='ltr'>licet</span> <span class='ocrx_word' id='word_1_67' title='bbox 875 1359 1016 1400; x_wconf 86' lang='lat' dir='ltr'>cum</span> <span class='ocrx_word' id='word_1_68' title='bbox 1057 1329 1348 1420; x_wconf 86' lang='lat' dir='ltr'>Hagenio</span> <span class='ocrx_word' id='word_1_69' title='bbox 1411 1360 1511 1403; x_wconf 90' lang='lat' dir='ltr'>res</span> <span class='ocrx_word' id='word_1_70' title='bbox 1577 1362 1695 1424; x_wconf 91' lang='lat' dir='ltr'>pro</span> <span class='ocrx_word' id='word_1_71' title='bbox 1751 1341 1940 1405; x_wconf 90' lang='lat' dir='ltr'>certis</span> <span class='ocrx_word' id='word_1_72' title='bbox 1980 1341 2162 1420; x_wconf 81' lang='lat' dir='ltr'>dare,</span> <span class='ocrx_word' id='word_1_73' title='bbox 2226 1365 2389 1424; x_wconf 89' lang='lat' dir='ltr'>quae</span> 
     </span>
     <span class='ocr_line' id='line_1_11' title="bbox 195 1433 1236 1518; baseline 0.003 -22"><span class='ocrx_word' id='word_1_74' title='bbox 195 1433 532 1517; x_wconf 86' lang='lat' dir='ltr'>explorari</span> <span class='ocrx_word' id='word_1_75' title='bbox 575 1433 702 1497; x_wconf 87' lang='lat' dir='ltr'>iam</span> <span class='ocrx_word' id='word_1_76' title='bbox 745 1455 872 1497; x_wconf 89' lang='lat' dir='ltr'>non</span> <span class='ocrx_word' id='word_1_77' title='bbox 913 1433 1152 1517; x_wconf 77' lang='lat' dir='ltr'>possint</span> <span class='ocrx_word' id='word_1_78' title='bbox 1171 1435 1236 1518; x_wconf 75' lang='grc' dir='ltr'>ι).</span> 
     </span>
    </p>

    <p class='ocr_par' dir='ltr' id='par_1_4' title="bbox 198 1534 2387 1918">
     <span class='ocr_line' id='line_1_12' title="bbox 409 1534 2387 1622; baseline 0.004 -24"><span class='ocrx_word' id='word_1_79' title='bbox 409 1535 654 1598; x_wconf 87' lang='lat' dir='ltr'>Certius</span> <span class='ocrx_word' id='word_1_80' title='bbox 684 1539 971 1617; x_wconf 85' lang='lat' dir='ltr'>tempora</span> <span class='ocrx_word' id='word_1_81' title='bbox 998 1534 1260 1598; x_wconf 88' lang='lat' dir='ltr'>definire</span> <span class='ocrx_word' id='word_1_82' title='bbox 1288 1558 1627 1619; x_wconf 72' lang='lat' dir='ltr'>possumUS‚</span> <span class='ocrx_word' id='word_1_83' title='bbox 1663 1538 1731 1601; x_wconf 91' lang='lat' dir='ltr'>in</span> <span class='ocrx_word' id='word_1_84' title='bbox 1761 1561 1918 1622; x_wconf 89' lang='lat' dir='ltr'>quae</span> <span class='ocrx_word' id='word_1_85' title='bbox 1946 1540 2173 1604; x_wconf 87' lang='lat' dir='ltr'>incidit</span> <span class='ocrx_word' id='word_1_86' title='bbox 2198 1541 2387 1606; x_wconf 88' lang='lat' dir='ltr'>huius</span> 
     </span>
     <span class='ocr_line' id='line_1_13' title="bbox 206 1633 2381 1725; baseline 0.003 -26"><span class='ocrx_word' id='word_1_87' title='bbox 206 1634 336 1699; x_wconf 82' lang='lat' dir='ltr'>viri</span> <span class='ocrx_word' id='word_1_88' title='bbox 378 1634 530 1699; x_wconf 82' lang='lat' dir='ltr'>vita.</span> <span class='ocrx_word' id='word_1_89' title='bbox 617 1633 792 1698; x_wconf 86' lang='lat' dir='ltr'>Fieri</span> <span class='ocrx_word' id='word_1_90' title='bbox 833 1634 898 1696; x_wconf 89' lang='lat' dir='ltr'>id</span> <span class='ocrx_word' id='word_1_91' title='bbox 940 1639 1146 1716; x_wconf 89' lang='lat' dir='ltr'>potest</span> <span class='ocrx_word' id='word_1_92' title='bbox 1187 1640 1253 1699; x_wconf 91' lang='lat' dir='ltr'>et</span> <span class='ocrx_word' id='word_1_93' title='bbox 1293 1658 1371 1700; x_wconf 82' lang='lat' dir='ltr'>ex</span> <span class='ocrx_word' id='word_1_94' title='bbox 1413 1639 1798 1704; x_wconf 76' lang='lat' dir='ltr'>carminibus</span> <span class='ocrx_word' id='word_1_95' title='bbox 1839 1637 2127 1706; x_wconf 89' lang='lat' dir='ltr'>Marneri</span> <span class='ocrx_word' id='word_1_96' title='bbox 2170 1641 2381 1725; x_wconf 57' lang='lat' dir='ltr'>ipsius</span> 
     </span>
     <span class='ocr_line' id='line_1_14' title="bbox 203 1734 2386 1824; baseline 0.004 -27"><span class='ocrx_word' id='word_1_97' title='bbox 203 1734 525 1819; x_wconf 86' lang='lat' dir='ltr'>imprimis</span> <span class='ocrx_word' id='word_1_98' title='bbox 565 1735 677 1824; x_wconf 84' lang='lat' dir='ltr'>ubi</span> <span class='ocrx_word' id='word_1_99' title='bbox 719 1740 1164 1800; x_wconf 84' lang='lat' dir='ltr'>commemorat</span> <span class='ocrx_word' id='word_1_100' title='bbox 1205 1737 1361 1800; x_wconf 82' lang='lat' dir='ltr'>alios</span> <span class='ocrx_word' id='word_1_101' title='bbox 1403 1743 1620 1821; x_wconf 85' lang='lat' dir='ltr'>poetas</span> <span class='ocrx_word' id='word_1_102' title='bbox 1661 1739 1847 1804; x_wconf 86' lang='lat' dir='ltr'>huius</span> <span class='ocrx_word' id='word_1_103' title='bbox 1902 1741 2131 1805; x_wconf 84' lang='lat' dir='ltr'>aetatis</span> <span class='ocrx_word' id='word_1_104' title='bbox 2184 1746 2252 1805; x_wconf 89' lang='lat' dir='ltr'>et</span> <span class='ocrx_word' id='word_1_105' title='bbox 2306 1762 2386 1804; x_wconf 79' lang='lat' dir='ltr'>ex</span> 
     </span>
     <span class='ocr_line' id='line_1_15' title="bbox 198 1833 2221 1918; baseline 0.004 -22"><span class='ocrx_word' id='word_1_106' title='bbox 198 1833 361 1897; x_wconf 79' lang='lat' dir='ltr'>locis</span> <span class='ocrx_word' id='word_1_107' title='bbox 402 1834 673 1898; x_wconf 82' lang='lat' dir='ltr'>aliorum</span> <span class='ocrx_word' id='word_1_108' title='bbox 712 1833 1110 1916; x_wconf 82' lang='lat' dir='ltr'>scriptorum,</span> <span class='ocrx_word' id='word_1_109' title='bbox 1153 1833 1377 1917; x_wconf 87' lang='lat' dir='ltr'>quibus</span> <span class='ocrx_word' id='word_1_110' title='bbox 1418 1840 1640 1918; x_wconf 85' lang='lat' dir='ltr'>poetae</span> <span class='ocrx_word' id='word_1_111' title='bbox 1682 1839 1987 1902; x_wconf 89' lang='lat' dir='ltr'>memoria</span> <span class='ocrx_word' id='word_1_112' title='bbox 2026 1844 2221 1905; x_wconf 83' lang='lat' dir='ltr'>extat.</span> 
     </span>
    </p>

    <p class='ocr_par' dir='ltr' id='par_1_5' title="bbox 205 1933 2385 2519">
     <span class='ocr_line' id='line_1_16' title="bbox 411 1933 2385 2024; baseline 0.003 -26"><span class='ocrx_word' id='word_1_113' title='bbox 411 1935 580 1998; x_wconf 89' lang='lat' dir='ltr'>Ante</span> <span class='ocrx_word' id='word_1_114' title='bbox 621 1934 834 1999; x_wconf 91' lang='lat' dir='ltr'>omnia</span> <span class='ocrx_word' id='word_1_115' title='bbox 875 1933 1321 1998; x_wconf 79' lang='lat' dir='ltr'>consideranda</span> <span class='ocrx_word' id='word_1_116' title='bbox 1371 1939 1466 1998; x_wconf 90' lang='lat' dir='ltr'>est</span> <span class='ocrx_word' id='word_1_117' title='bbox 1517 1937 1816 2002; x_wconf 80' lang='lat' dir='ltr'>carminis</span> <span class='ocrx_word' id='word_1_118' title='bbox 1878 1938 2104 2004; x_wconf 82' lang='lat' dir='ltr'>decimi</span> <span class='ocrx_word' id='word_1_119' title='bbox 2168 1941 2385 2024; x_wconf 88' lang='lat' dir='ltr'>quarti</span> 
     </span>
     <span class='ocr_line' id='line_1_17' title="bbox 205 2033 2383 2132; baseline 0.002 -34"><span class='ocrx_word' id='word_1_120' title='bbox 205 2033 474 2132; x_wconf 77' lang='lat' dir='ltr'>stropha</span> <span class='ocrx_word' id='word_1_121' title='bbox 515 2033 878 2098; x_wconf 88' lang='lat' dir='ltr'>duodecima</span> <span class='ocrx_word' id='word_1_122' title='bbox 920 2035 1052 2099; x_wconf 88' lang='lat' dir='ltr'>illis</span> <span class='ocrx_word' id='word_1_123' title='bbox 1093 2035 1478 2100; x_wconf 82' lang='lat' dir='ltr'>carminibus</span> <span class='ocrx_word' id='word_1_124' title='bbox 1522 2037 2015 2120; x_wconf 74' lang='lat' dir='ltr'>adnumeranda,</span> <span class='ocrx_word' id='word_1_125' title='bbox 2080 2063 2241 2124; x_wconf 90' lang='lat' dir='ltr'>quae</span> <span class='ocrx_word' id='word_1_126' title='bbox 2304 2042 2383 2104; x_wconf 90' lang='lat' dir='ltr'>ad</span> 
     </span>
     <span class='ocr_line' id='line_1_18' title="bbox 208 2134 2383 2220; baseline 0.003 -22"><span class='ocrx_word' id='word_1_127' title='bbox 208 2134 714 2200; x_wconf 73' lang='lat' dir='ltr'>constituendam</span> <span class='ocrx_word' id='word_1_128' title='bbox 755 2135 1120 2199; x_wconf 89' lang='lat' dir='ltr'>litterarum</span> <span class='ocrx_word' id='word_1_129' title='bbox 1161 2140 1228 2198; x_wconf 87' lang='lat' dir='ltr'>et</span> <span class='ocrx_word' id='word_1_130' title='bbox 1268 2140 1599 2220; x_wconf 87' lang='lat' dir='ltr'>poetarum</span> <span class='ocrx_word' id='word_1_131' title='bbox 1640 2139 1973 2204; x_wconf 82' lang='lat' dir='ltr'>historiam</span> <span class='ocrx_word' id='word_1_132' title='bbox 2014 2141 2206 2204; x_wconf 88' lang='lat' dir='ltr'>medii</span> <span class='ocrx_word' id='word_1_133' title='bbox 2242 2141 2383 2206; x_wconf 83' lang='lat' dir='ltr'>aevi</span> 
     </span>
     <span class='ocr_line' id='line_1_19' title="bbox 205 2232 2381 2321; baseline 0.001 -23"><span class='ocrx_word' id='word_1_134' title='bbox 205 2233 383 2298; x_wconf 85' lang='lat' dir='ltr'>haud</span> <span class='ocrx_word' id='word_1_135' title='bbox 424 2235 608 2318; x_wconf 84' lang='lat' dir='ltr'>parvi</span> <span class='ocrx_word' id='word_1_136' title='bbox 648 2233 951 2298; x_wconf 78' lang='lat' dir='ltr'>momenti</span> <span class='ocrx_word' id='word_1_137' title='bbox 994 2237 1156 2298; x_wconf 87' lang='lat' dir='ltr'>sunt.</span> <span class='ocrx_word' id='word_1_138' title='bbox 1244 2232 1448 2298; x_wconf 87' lang='lat' dir='ltr'>Bonos</span> <span class='ocrx_word' id='word_1_139' title='bbox 1488 2239 1705 2318; x_wconf 86' lang='lat' dir='ltr'>poetas</span> <span class='ocrx_word' id='word_1_140' title='bbox 1747 2235 2037 2321; x_wconf 85' lang='lat' dir='ltr'>deplorat</span> <span class='ocrx_word' id='word_1_141' title='bbox 2091 2238 2201 2320; x_wconf 89' lang='lat' dir='ltr'>qui</span> <span class='ocrx_word' id='word_1_142' title='bbox 2251 2239 2381 2302; x_wconf 88' lang='lat' dir='ltr'>iam</span> 
     </span>
     <span class='ocr_line' id='line_1_20' title="bbox 209 2332 2382 2419; baseline 0.002 -20"><span class='ocrx_word' id='word_1_143' title='bbox 209 2337 495 2399; x_wconf 82' lang='lat' dir='ltr'>fuerunt:</span> <span class='ocrx_word' id='word_1_144' title='bbox 557 2335 846 2412; x_wconf 84' lang='lat' dir='ltr'>„utinam</span> <span class='ocrx_word' id='word_1_145' title='bbox 888 2332 1130 2397; x_wconf 82' lang='lat' dir='ltr'>viveret</span> <span class='ocrx_word' id='word_1_146' title='bbox 1174 2333 1376 2399; x_wconf 87' lang='lat' dir='ltr'>adhuc</span> <span class='ocrx_word' id='word_1_147' title='bbox 1417 2334 1725 2419; x_wconf 85' lang='lat' dir='ltr'>magister</span> <span class='ocrx_word' id='word_1_148' title='bbox 1764 2359 1937 2401; x_wconf 87' lang='lat' dir='ltr'>meus</span> <span class='ocrx_word' id='word_1_149' title='bbox 1980 2336 2382 2403; x_wconf 88' lang='lat' dir='ltr'>Waltharius</span> 
     </span>
     <span class='ocr_line' id='line_1_21' title="bbox 210 2434 2381 2519; baseline 0.001 -20"><span class='ocrx_word' id='word_1_150' title='bbox 210 2441 278 2499; x_wconf 90' lang='lat' dir='ltr'>et</span> <span class='ocrx_word' id='word_1_151' title='bbox 322 2436 437 2500; x_wconf 90' lang='lat' dir='ltr'>alii</span> <span class='ocrx_word' id='word_1_152' title='bbox 478 2440 718 2519; x_wconf 84' lang='lat' dir='ltr'>poetae,</span> <span class='ocrx_word' id='word_1_153' title='bbox 765 2435 876 2518; x_wconf 87' lang='lat' dir='ltr'>qui</span> <span class='ocrx_word' id='word_1_154' title='bbox 916 2436 1264 2497; x_wconf 86' lang='lat' dir='ltr'>cantabant</span> <span class='ocrx_word' id='word_1_155' title='bbox 1303 2434 1378 2498; x_wconf 87' lang='lat' dir='ltr'>de</span> <span class='ocrx_word' id='word_1_156' title='bbox 1420 2436 1625 2519; x_wconf 88' lang='lat' dir='ltr'>pratis</span> <span class='ocrx_word' id='word_1_157' title='bbox 1666 2441 1733 2501; x_wconf 91' lang='lat' dir='ltr'>et</span> <span class='ocrx_word' id='word_1_158' title='bbox 1772 2436 1963 2514; x_wconf 84' lang='lat' dir='ltr'>silvis,</span> <span class='ocrx_word' id='word_1_159' title='bbox 2009 2438 2084 2501; x_wconf 89' lang='lat' dir='ltr'>de</span> <span class='ocrx_word' id='word_1_160' title='bbox 2126 2437 2381 2502; x_wconf 86' lang='lat' dir='ltr'>cohorte</span> 
     </span>
    </p>
   </div>
   <div class='ocr_carea' id='block_1_3' title="bbox 211 2558 608 2568">
    <p class='ocr_par' dir='ltr' id='par_1_6' title="bbox 211 2558 608 2568">
     <span class='ocr_line' id='line_1_22' title="bbox 211 2558 608 2568; baseline 0 0"><span class='ocrx_word' id='word_1_161' title='bbox 211 2558 608 2568; x_wconf 95' lang='lat' dir='ltr'> </span> 
     </span>
    </p>
   </div>
   <div class='ocr_carea' id='block_1_4' title="bbox 206 2581 2384 4229">
    <p class='ocr_par' dir='ltr' id='par_1_7' title="bbox 206 2581 2384 4229">
     <span class='ocr_line' id='line_1_23' title="bbox 411 2581 2382 2653; baseline -0.001 -12"><span class='ocrx_word' id='word_1_162' title='bbox 411 2586 450 2653; x_wconf 86' lang='lat'>¹)</span> <span class='ocrx_word' id='word_1_163' title='bbox 517 2586 649 2641; x_wconf 87' lang='lat' dir='ltr'>Cum</span> <span class='ocrx_word' id='word_1_164' title='bbox 698 2585 809 2638; x_wconf 89' lang='lat' dir='ltr'>iam</span> <span class='ocrx_word' id='word_1_165' title='bbox 857 2584 1005 2653; x_wconf 87' lang='lat' dir='ltr'>prius</span> <span class='ocrx_word' id='word_1_166' title='bbox 1057 2581 1471 2638; x_wconf 75' lang='lat' dir='ltr'>versimillimum</span> <span class='ocrx_word' id='word_1_167' title='bbox 1521 2584 1653 2638; x_wconf 77' lang='lat' dir='ltr'>mihi</span> <span class='ocrx_word' id='word_1_168' title='bbox 1701 2585 1888 2649; x_wconf 80' lang='lat' dir='ltr'>fuerit,</span> <span class='ocrx_word' id='word_1_169' title='bbox 1936 2584 2243 2639; x_wconf 84' lang='lat' dir='ltr'>Marnerum</span> <span class='ocrx_word' id='word_1_170' title='bbox 2287 2588 2382 2639; x_wconf 89' lang='lat' dir='ltr'>aut</span> 
     </span>
     <span class='ocr_line' id='line_1_24' title="bbox 209 2666 2381 2741; baseline -0.001 -17"><span class='ocrx_word' id='word_1_171' title='bbox 209 2672 387 2741; x_wconf 85' lang='lat' dir='ltr'>ipsum</span> <span class='ocrx_word' id='word_1_172' title='bbox 420 2686 533 2723; x_wconf 86' lang='lat' dir='ltr'>esse</span> <span class='ocrx_word' id='word_1_173' title='bbox 567 2667 766 2722; x_wconf 82' lang='lat' dir='ltr'>ordinis</span> <span class='ocrx_word' id='word_1_174' title='bbox 803 2666 1144 2720; x_wconf 85' lang='lat' dir='ltr'>ecclesiastici</span> <span class='ocrx_word' id='word_1_175' title='bbox 1190 2669 1284 2720; x_wconf 85' lang='lat' dir='ltr'>aut</span> <span class='ocrx_word' id='word_1_176' title='bbox 1319 2669 1508 2721; x_wconf 71' lang='lat' dir='ltr'>saltem</span> <span class='ocrx_word' id='word_1_177' title='bbox 1544 2668 1862 2723; x_wconf 87' lang='lat' dir='ltr'>educatione</span> <span class='ocrx_word' id='word_1_178' title='bbox 1906 2684 2026 2722; x_wconf 88' lang='lat' dir='ltr'>eum</span> <span class='ocrx_word' id='word_1_179' title='bbox 2066 2684 2218 2721; x_wconf 86' lang='lat' dir='ltr'>usum</span> <span class='ocrx_word' id='word_1_180' title='bbox 2267 2684 2381 2722; x_wconf 88' lang='lat' dir='ltr'>esse</span> 
     </span>
     <span class='ocr_line' id='line_1_25' title="bbox 209 2739 2384 2822; baseline -0 -14"><span class='ocrx_word' id='word_1_181' title='bbox 209 2752 522 2815; x_wconf 84' lang='lat' dir='ltr'>monastica,</span> <span class='ocrx_word' id='word_1_182' title='bbox 557 2751 617 2803; x_wconf 87' lang='lat' dir='ltr'>id</span> <span class='ocrx_word' id='word_1_183' title='bbox 647 2750 851 2804; x_wconf 85' lang='lat' dir='ltr'>maiore</span> <span class='ocrx_word' id='word_1_184' title='bbox 885 2766 1006 2802; x_wconf 90' lang='lat' dir='ltr'>cum</span> <span class='ocrx_word' id='word_1_185' title='bbox 1029 2749 1224 2803; x_wconf 85' lang='lat' dir='ltr'>fiducia</span> <span class='ocrx_word' id='word_1_186' title='bbox 1245 2767 1385 2804; x_wconf 89' lang='lat' dir='ltr'>nunc</span> <span class='ocrx_word' id='word_1_187' title='bbox 1406 2752 1611 2820; x_wconf 86' lang='lat' dir='ltr'>repeto,</span> <span class='ocrx_word' id='word_1_188' title='bbox 1646 2753 1790 2820; x_wconf 90' lang='lat' dir='ltr'>quod</span> <span class='ocrx_word' id='word_1_189' title='bbox 1810 2739 2201 2807; x_wconf 61' lang='lat' dir='ltr'>Wilmannsius&#39;</span> <span class='ocrx_word' id='word_1_190' title='bbox 2213 2770 2384 2822; x_wconf 87' lang='lat' dir='ltr'>nuper</span> 
     </span>
     <span class='ocr_line' id='line_1_26' title="bbox 209 2832 2379 2904; baseline -0 -13"><span class='ocrx_word' id='word_1_191' title='bbox 209 2837 343 2891; x_wconf 87' lang='lat' dir='ltr'>mihi</span> <span class='ocrx_word' id='word_1_192' title='bbox 376 2836 525 2898; x_wconf 82' lang='lat' dir='ltr'>dixit,</span> <span class='ocrx_word' id='word_1_193' title='bbox 559 2837 780 2904; x_wconf 85' lang='lat' dir='ltr'>poetam</span> <span class='ocrx_word' id='word_1_194' title='bbox 811 2832 960 2887; x_wconf 82' lang='lat' dir='ltr'>illum</span> <span class='ocrx_word' id='word_1_195' title='bbox 991 2833 1240 2886; x_wconf 82' lang='lat' dir='ltr'>clericum</span> <span class='ocrx_word' id='word_1_196' title='bbox 1285 2833 1390 2887; x_wconf 85' lang='lat' dir='ltr'>sibi</span> <span class='ocrx_word' id='word_1_197' title='bbox 1433 2833 1609 2889; x_wconf 82' lang='lat' dir='ltr'>videri</span> <span class='ocrx_word' id='word_1_198' title='bbox 1654 2852 1683 2888; x_wconf 92' lang='lat' dir='ltr'>e</span> <span class='ocrx_word' id='word_1_199' title='bbox 1714 2835 2041 2889; x_wconf 86' lang='lat' dir='ltr'>monasterio</span> <span class='ocrx_word' id='word_1_200' title='bbox 2075 2835 2379 2904; x_wconf 83' lang='lat' dir='ltr'>profugum.</span> 
     </span>
     <span class='ocr_line' id='line_1_27' title="bbox 210 2915 2383 2989; baseline -0.002 -16"><span class='ocrx_word' id='word_1_201' title='bbox 210 2920 426 2989; x_wconf 88' lang='lat' dir='ltr'>Optime</span> <span class='ocrx_word' id='word_1_202' title='bbox 459 2917 706 2989; x_wconf 82' lang='lat' dir='ltr'>congruit</span> <span class='ocrx_word' id='word_1_203' title='bbox 740 2934 859 2970; x_wconf 89' lang='lat' dir='ltr'>cum</span> <span class='ocrx_word' id='word_1_204' title='bbox 892 2916 994 2969; x_wconf 90' lang='lat' dir='ltr'>hac</span> <span class='ocrx_word' id='word_1_205' title='bbox 1029 2915 1278 2984; x_wconf 86' lang='lat' dir='ltr'>opinione</span> <span class='ocrx_word' id='word_1_206' title='bbox 1323 2915 1569 2970; x_wconf 87' lang='lat' dir='ltr'>doctrina</span> <span class='ocrx_word' id='word_1_207' title='bbox 1600 2916 1693 2971; x_wconf 78' lang='lat' dir='ltr'>ina</span> <span class='ocrx_word' id='word_1_208' title='bbox 1724 2935 1782 2971; x_wconf 88' lang='lat' dir='ltr'>re</span> <span class='ocrx_word' id='word_1_209' title='bbox 1816 2934 1944 2971; x_wconf 86' lang='lat' dir='ltr'>vera</span> <span class='ocrx_word' id='word_1_210' title='bbox 1975 2916 2112 2971; x_wconf 89' lang='lat' dir='ltr'>mira</span> <span class='ocrx_word' id='word_1_211' title='bbox 2145 2933 2243 2971; x_wconf 88' lang='lat' dir='ltr'>nec</span> <span class='ocrx_word' id='word_1_212' title='bbox 2275 2935 2383 2971; x_wconf 90' lang='lat' dir='ltr'>non</span> 
     </span>
     <span class='ocr_line' id='line_1_28' title="bbox 206 2998 2381 3073; baseline -0.002 -15"><span class='ocrx_word' id='word_1_213' title='bbox 206 3002 508 3073; x_wconf 78' lang='lat' dir='ltr'>sapientiae</span> <span class='ocrx_word' id='word_1_214' title='bbox 559 3000 892 3055; x_wconf 83' lang='lat' dir='ltr'>Christianae</span> <span class='ocrx_word' id='word_1_215' title='bbox 953 2998 1151 3067; x_wconf 86' lang='lat' dir='ltr'>peritia</span> <span class='ocrx_word' id='word_1_216' title='bbox 1209 2998 1688 3067; x_wconf 80' lang='lat' dir='ltr'>mysteriorumque</span> <span class='ocrx_word' id='word_1_217' title='bbox 1739 2998 2036 3053; x_wconf 82' lang='lat' dir='ltr'>divinorum</span> <span class='ocrx_word' id='word_1_218' title='bbox 2085 2998 2381 3069; x_wconf 84' lang='lat' dir='ltr'>indagatio.</span> 
     </span>
     <span class='ocr_line' id='line_1_29' title="bbox 207 3080 2382 3151; baseline -0.002 -12"><span class='ocrx_word' id='word_1_219' title='bbox 207 3086 459 3141; x_wconf 82' lang='lat' dir='ltr'>Forsitan</span> <span class='ocrx_word' id='word_1_220' title='bbox 489 3084 547 3137; x_wconf 91' lang='lat' dir='ltr'>id</span> <span class='ocrx_word' id='word_1_221' title='bbox 582 3100 790 3151; x_wconf 88' lang='lat' dir='ltr'>quoque</span> <span class='ocrx_word' id='word_1_222' title='bbox 825 3081 1002 3136; x_wconf 87' lang='lat' dir='ltr'>afferri</span> <span class='ocrx_word' id='word_1_223' title='bbox 1034 3080 1229 3150; x_wconf 84' lang='lat' dir='ltr'>possit,</span> <span class='ocrx_word' id='word_1_224' title='bbox 1280 3080 1423 3149; x_wconf 89' lang='lat' dir='ltr'>quod</span> <span class='ocrx_word' id='word_1_225' title='bbox 1474 3082 1761 3134; x_wconf 72' lang='lat' dir='ltr'>Rfimzlant</span> <span class='ocrx_word' id='word_1_226' title='bbox 1808 3082 2003 3134; x_wconf 87' lang='lat' dir='ltr'>laicum</span> <span class='ocrx_word' id='word_1_227' title='bbox 2038 3098 2093 3134; x_wconf 87' lang='lat' dir='ltr'>se</span> <span class='ocrx_word' id='word_1_228' title='bbox 2127 3084 2382 3150; x_wconf 77' lang='lat' dir='ltr'>appellat,</span> 
     </span>
     <span class='ocr_line' id='line_1_30' title="bbox 207 3163 2383 3238; baseline -0.002 -16"><span class='ocrx_word' id='word_1_229' title='bbox 207 3172 271 3222; x_wconf 92' lang='lat' dir='ltr'>ut</span> <span class='ocrx_word' id='word_1_230' title='bbox 304 3186 360 3223; x_wconf 89' lang='lat' dir='ltr'>se</span> <span class='ocrx_word' id='word_1_231' title='bbox 394 3168 692 3238; x_wconf 80' lang='lat' dir='ltr'>distinguat</span> <span class='ocrx_word' id='word_1_232' title='bbox 725 3184 760 3221; x_wconf 89' lang='lat' dir='ltr'>a</span> <span class='ocrx_word' id='word_1_233' title='bbox 791 3166 1037 3220; x_wconf 86' lang='lat' dir='ltr'>Marnero</span> <span class='ocrx_word' id='word_1_234' title='bbox 1073 3164 1154 3233; x_wconf 90' lang='lat' dir='ltr'>(H.</span> <span class='ocrx_word' id='word_1_235' title='bbox 1187 3164 1296 3219; x_wconf 88' lang='lat' dir='ltr'>MS.</span> <span class='ocrx_word' id='word_1_236' title='bbox 1330 3163 1421 3217; x_wconf 92' lang='lat' dir='ltr'><strong>III.</strong></span> <span class='ocrx_word' id='word_1_237' title='bbox 1467 3183 1521 3233; x_wconf 88' lang='lat' dir='ltr'>p.</span> <span class='ocrx_word' id='word_1_238' title='bbox 1558 3166 1638 3219; x_wconf 88' lang='grc'>56.</span> <span class='ocrx_word' id='word_1_239' title='bbox 1682 3168 1892 3218; x_wconf 77' lang='lat' dir='ltr'>versma</span> <span class='ocrx_word' id='word_1_240' title='bbox 1936 3163 2023 3216; x_wconf 90' lang='lat' dir='ltr'>die</span> <span class='ocrx_word' id='word_1_241' title='bbox 2067 3164 2221 3233; x_wconf 85' lang='lat' dir='ltr'>leijen</span> <span class='ocrx_word' id='word_1_242' title='bbox 2262 3164 2383 3217; x_wconf 91' lang='lat' dir='ltr'>niht</span> 
     </span>
     <span class='ocr_line' id='line_1_31' title="bbox 207 3246 2381 3319; baseline -0.002 -14"><span class='ocrx_word' id='word_1_243' title='bbox 207 3268 270 3305; x_wconf 86' lang='lat' dir='ltr'>ze</span> <span class='ocrx_word' id='word_1_244' title='bbox 305 3255 475 3319; x_wconf 74' lang='lat' dir='ltr'>sere.);</span> <span class='ocrx_word' id='word_1_245' title='bbox 509 3268 638 3305; x_wconf 85' lang='lat' dir='ltr'>nam</span> <span class='ocrx_word' id='word_1_246' title='bbox 660 3248 837 3317; x_wconf 86' lang='lat' dir='ltr'>quoad</span> <span class='ocrx_word' id='word_1_247' title='bbox 859 3249 1014 3304; x_wconf 82' lang='lat' dir='ltr'>video</span> <span class='ocrx_word' id='word_1_248' title='bbox 1037 3249 1138 3303; x_wconf 86' lang='lat' dir='ltr'>hoc</span> <span class='ocrx_word' id='word_1_249' title='bbox 1161 3250 1475 3301; x_wconf 82' lang='lat' dir='ltr'>vocabulum</span> <span class='ocrx_word' id='word_1_250' title='bbox 1497 3248 1555 3300; x_wconf 87' lang='lat' dir='ltr'>in</span> <span class='ocrx_word' id='word_1_251' title='bbox 1579 3265 1820 3301; x_wconf 85' lang='lat' dir='ltr'>sermone</span> <span class='ocrx_word' id='word_1_252' title='bbox 1844 3246 2008 3301; x_wconf 83' lang='lat' dir='ltr'>medii</span> <span class='ocrx_word' id='word_1_253' title='bbox 2029 3247 2149 3301; x_wconf 89' lang='lat' dir='ltr'>aevi</span> <span class='ocrx_word' id='word_1_254' title='bbox 2172 3264 2381 3317; x_wconf 87' lang='lat' dir='ltr'>semper</span> 
     </span>
     <span class='ocr_line' id='line_1_32' title="bbox 209 3330 2383 3394; baseline -0.002 -7"><span class='ocrx_word' id='word_1_255' title='bbox 209 3335 494 3389; x_wconf 85' lang='lat' dir='ltr'>discrimen</span> <span class='ocrx_word' id='word_1_256' title='bbox 523 3335 664 3389; x_wconf 89' lang='lat' dir='ltr'>inter</span> <span class='ocrx_word' id='word_1_257' title='bbox 697 3332 914 3388; x_wconf 84' lang='lat' dir='ltr'>clericos</span> <span class='ocrx_word' id='word_1_258' title='bbox 947 3335 1004 3387; x_wconf 87' lang='lat' dir='ltr'>et</span> <span class='ocrx_word' id='word_1_259' title='bbox 1037 3334 1242 3386; x_wconf 83' lang='lat' dir='ltr'>ceteros</span> <span class='ocrx_word' id='word_1_260' title='bbox 1276 3330 1516 3385; x_wconf 88' lang='lat' dir='ltr'>homines</span> <span class='ocrx_word' id='word_1_261' title='bbox 1550 3330 1795 3385; x_wconf 87' lang='lat' dir='ltr'>denotat:</span> <span class='ocrx_word' id='word_1_262' title='bbox 1840 3347 1949 3384; x_wconf 90' lang='lat' dir='ltr'>non</span> <span class='ocrx_word' id='word_1_263' title='bbox 1982 3330 2279 3394; x_wconf 87' lang='lat' dir='ltr'>adhibetur,</span> <span class='ocrx_word' id='word_1_264' title='bbox 2323 3330 2383 3383; x_wconf 84' lang='lat' dir='ltr'>1d</span> 
     </span>
     <span class='ocr_line' id='line_1_33' title="bbox 209 3411 2379 3485; baseline -0.002 -16"><span class='ocrx_word' id='word_1_265' title='bbox 209 3417 354 3485; x_wconf 89' lang='lat' dir='ltr'>quod</span> <span class='ocrx_word' id='word_1_266' title='bbox 402 3416 586 3470; x_wconf 89' lang='lat' dir='ltr'>ordine</span> <span class='ocrx_word' id='word_1_267' title='bbox 638 3414 993 3470; x_wconf 76' lang='lat' dir='ltr'>ecclesiastico</span> <span class='ocrx_word' id='word_1_268' title='bbox 1025 3414 1273 3467; x_wconf 82' lang='lat' dir='ltr'>Marnero</span> <span class='ocrx_word' id='word_1_269' title='bbox 1308 3430 1416 3467; x_wconf 90' lang='lat' dir='ltr'>non</span> <span class='ocrx_word' id='word_1_270' title='bbox 1466 3412 1729 3465; x_wconf 87' lang='lat' dir='ltr'>attributo</span> <span class='ocrx_word' id='word_1_271' title='bbox 1774 3411 1862 3465; x_wconf 89' lang='lat' dir='ltr'>hic</span> <span class='ocrx_word' id='word_1_272' title='bbox 1912 3411 2027 3465; x_wconf 89' lang='lat' dir='ltr'>fieri</span> <span class='ocrx_word' id='word_1_273' title='bbox 2072 3412 2256 3476; x_wconf 89' lang='lat' dir='ltr'>debet,</span> <span class='ocrx_word' id='word_1_274' title='bbox 2308 3413 2379 3467; x_wconf 88' lang='lat' dir='ltr'>ad</span> 
     </span>
     <span class='ocr_line' id='line_1_34' title="bbox 209 3494 2379 3567; baseline -0.003 -14"><span class='ocrx_word' id='word_1_275' title='bbox 209 3500 533 3567; x_wconf 76' lang='lat' dir='ltr'>separandos</span> <span class='ocrx_word' id='word_1_276' title='bbox 566 3498 708 3553; x_wconf 87' lang='lat' dir='ltr'>viros</span> <span class='ocrx_word' id='word_1_277' title='bbox 743 3498 929 3552; x_wconf 86' lang='lat' dir='ltr'>doctos</span> <span class='ocrx_word' id='word_1_278' title='bbox 963 3498 1034 3550; x_wconf 87' lang='lat' dir='ltr'>ab</span> <span class='ocrx_word' id='word_1_279' title='bbox 1067 3494 1312 3549; x_wconf 81' lang='lat' dir='ltr'>indoctis,</span> <span class='ocrx_word' id='word_1_280' title='bbox 1379 3494 1653 3547; x_wconf 85' lang='lat' dir='ltr'>Absonum</span> <span class='ocrx_word' id='word_1_281' title='bbox 1687 3510 1895 3561; x_wconf 85' lang='lat' dir='ltr'>quoque</span> <span class='ocrx_word' id='word_1_282' title='bbox 1941 3494 2023 3546; x_wconf 84' lang='lat' dir='ltr'>est</span> <span class='ocrx_word' id='word_1_283' title='bbox 2055 3510 2089 3545; x_wconf 90' lang='lat' dir='ltr'>a</span> <span class='ocrx_word' id='word_1_284' title='bbox 2121 3494 2379 3547; x_wconf 82' lang='lat' dir='ltr'>verisimi-</span> 
     </span>
     <span class='ocr_line' id='line_1_35' title="bbox 206 3576 2379 3651; baseline -0.002 -16"><span class='ocrx_word' id='word_1_285' title='bbox 206 3582 443 3645; x_wconf 87' lang='lat' dir='ltr'>litudine,</span> <span class='ocrx_word' id='word_1_286' title='bbox 475 3584 695 3651; x_wconf 86' lang='lat' dir='ltr'>poetam</span> <span class='ocrx_word' id='word_1_287' title='bbox 726 3580 887 3643; x_wconf 88' lang='lat' dir='ltr'>illum,</span> <span class='ocrx_word' id='word_1_288' title='bbox 923 3580 1282 3647; x_wconf 86' lang='lat' dir='ltr'>opponentem</span> <span class='ocrx_word' id='word_1_289' title='bbox 1316 3580 1489 3631; x_wconf 84' lang='lat' dir='ltr'>artem</span> <span class='ocrx_word' id='word_1_290' title='bbox 1524 3596 1673 3630; x_wconf 87' lang='lat' dir='ltr'>suam</span> <span class='ocrx_word' id='word_1_291' title='bbox 1698 3577 1856 3631; x_wconf 82' lang='lat' dir='ltr'>docto</span> <span class='ocrx_word' id='word_1_292' title='bbox 1878 3576 2141 3640; x_wconf 86' lang='lat' dir='ltr'>Marnero,</span> <span class='ocrx_word' id='word_1_293' title='bbox 2175 3577 2379 3630; x_wconf 88' lang='lat' dir='ltr'>detrec-</span> 
     </span>
     <span class='ocr_line' id='line_1_36' title="bbox 208 3661 2378 3733; baseline -0.004 -14"><span class='ocrx_word' id='word_1_294' title='bbox 208 3670 326 3718; x_wconf 84' lang='lat' dir='ltr'>tare</span> <span class='ocrx_word' id='word_1_295' title='bbox 361 3664 463 3719; x_wconf 89' lang='lat' dir='ltr'>sibi</span> <span class='ocrx_word' id='word_1_296' title='bbox 493 3664 670 3733; x_wconf 87' lang='lat' dir='ltr'>ipsum</span> <span class='ocrx_word' id='word_1_297' title='bbox 704 3663 916 3717; x_wconf 86' lang='lat' dir='ltr'>laudem</span> <span class='ocrx_word' id='word_1_298' title='bbox 951 3661 1241 3716; x_wconf 81' lang='lat' dir='ltr'>doctrinae.</span> <span class='ocrx_word' id='word_1_299' title='bbox 1294 3691 1359 3699; x_wconf 89' lang='lat'>—</span> <span class='ocrx_word' id='word_1_300' title='bbox 1409 3662 1495 3714; x_wconf 89' lang='lat' dir='ltr'>Ad</span> <span class='ocrx_word' id='word_1_301' title='bbox 1532 3662 1883 3715; x_wconf 86' lang='lat' dir='ltr'>dissensiones</span> <span class='ocrx_word' id='word_1_302' title='bbox 1936 3679 2099 3731; x_wconf 82' lang='lat' dir='ltr'>supra</span> <span class='ocrx_word' id='word_1_303' title='bbox 2149 3676 2378 3715; x_wconf 90' lang='lat' dir='ltr'>comme-</span> 
     </span>
     <span class='ocr_line' id='line_1_37' title="bbox 207 3742 2378 3817; baseline -0.003 -16"><span class='ocrx_word' id='word_1_304' title='bbox 207 3752 445 3803; x_wconf 85' lang='lat' dir='ltr'>moratas</span> <span class='ocrx_word' id='word_1_305' title='bbox 478 3747 698 3817; x_wconf 82' lang='lat' dir='ltr'>respicit</span> <span class='ocrx_word' id='word_1_306' title='bbox 729 3748 894 3815; x_wconf 88' lang='lat' dir='ltr'>poeta</span> <span class='ocrx_word' id='word_1_307' title='bbox 927 3762 1136 3813; x_wconf 86' lang='lat' dir='ltr'>quoque</span> <span class='ocrx_word' id='word_1_308' title='bbox 1168 3744 1261 3813; x_wconf 88' lang='lat' dir='ltr'>qui</span> <span class='ocrx_word' id='word_1_309' title='bbox 1294 3743 1544 3807; x_wconf 85' lang='lat' dir='ltr'>„Meister</span> <span class='ocrx_word' id='word_1_310' title='bbox 1566 3744 1842 3799; x_wconf 67' lang='lat' dir='ltr'>Gervelin“</span> <span class='ocrx_word' id='word_1_311' title='bbox 1876 3744 2193 3812; x_wconf 79' lang='lat' dir='ltr'>appellatur.</span> <span class='ocrx_word' id='word_1_312' title='bbox 2250 3742 2378 3810; x_wconf 76' lang='lat' dir='ltr'><strong>(MS.</strong></span> 
     </span>
     <span class='ocr_line' id='line_1_38' title="bbox 208 3826 2379 3899; baseline -0.002 -16"><span class='ocrx_word' id='word_1_313' title='bbox 208 3830 298 3883; x_wconf 89' lang='grc' dir='ltr'><strong>ΙΙΙ.</strong></span> <span class='ocrx_word' id='word_1_314' title='bbox 332 3850 386 3899; x_wconf 84' lang='lat' dir='ltr'>p.</span> <span class='ocrx_word' id='word_1_315' title='bbox 421 3832 512 3885; x_wconf 82' lang='lat'>38:</span> <span class='ocrx_word' id='word_1_316' title='bbox 547 3834 620 3883; x_wconf 74' lang='lat' dir='ltr'>nsi</span> <span class='ocrx_word' id='word_1_317' title='bbox 653 3829 743 3884; x_wconf 84' lang='lat' dir='ltr'>wil</span> <span class='ocrx_word' id='word_1_318' title='bbox 777 3847 835 3882; x_wconf 89' lang='lat' dir='ltr'>er</span> <span class='ocrx_word' id='word_1_319' title='bbox 867 3829 920 3897; x_wconf 91' lang='lat' dir='ltr'>(i.</span> <span class='ocrx_word' id='word_1_320' title='bbox 967 3845 1012 3882; x_wconf 93' lang='grc'>0.</span> <span class='ocrx_word' id='word_1_321' title='bbox 1047 3830 1210 3897; x_wconf 81' lang='lat' dir='ltr'>poeta</span> <span class='ocrx_word' id='word_1_322' title='bbox 1242 3827 1564 3896; x_wconf 84' lang='lat' dir='ltr'>Misniensis)</span> <span class='ocrx_word' id='word_1_323' title='bbox 1610 3827 1732 3879; x_wconf 86' lang='lat' dir='ltr'>dem</span> <span class='ocrx_word' id='word_1_324' title='bbox 1763 3826 1978 3880; x_wconf 85' lang='lat' dir='ltr'>Mamer</span> <span class='ocrx_word' id='word_1_325' title='bbox 2010 3830 2151 3879; x_wconf 80' lang='lat' dir='ltr'>sines</span> <span class='ocrx_word' id='word_1_326' title='bbox 2184 3842 2379 3894; x_wconf 80' lang='lat' dir='ltr'>sanges</span> 
     </span>
     <span class='ocr_line' id='line_1_39' title="bbox 209 3907 2378 3982; baseline -0.002 -16"><span class='ocrx_word' id='word_1_327' title='bbox 209 3913 326 3966; x_wconf 89' lang='lat' dir='ltr'>niht</span> <span class='ocrx_word' id='word_1_328' title='bbox 361 3913 679 3982; x_wconf 72' lang='lat' dir='ltr'>gegt&#39;innen).</span> <span class='ocrx_word' id='word_1_329' title='bbox 746 3912 914 3965; x_wconf 88' lang='lat' dir='ltr'>Porro</span> <span class='ocrx_word' id='word_1_330' title='bbox 961 3910 1230 3965; x_wconf 85' lang='lat' dir='ltr'>afferenda</span> <span class='ocrx_word' id='word_1_331' title='bbox 1264 3913 1388 3964; x_wconf 84' lang='lat' dir='ltr'>sunt</span> <span class='ocrx_word' id='word_1_332' title='bbox 1421 3927 1467 3963; x_wconf 93' lang='grc'><strong>0.</strong></span> <span class='ocrx_word' id='word_1_333' title='bbox 1499 3909 1640 3964; x_wconf 86' lang='lat' dir='ltr'><strong>XIV.</strong></span> <span class='ocrx_word' id='word_1_334' title='bbox 1677 3910 1755 3963; x_wconf 83' lang='lat'>12.</span> <span class='ocrx_word' id='word_1_335' title='bbox 1770 3950 1784 3973; x_wconf 89' lang='lat'>,</span> <span class='ocrx_word' id='word_1_336' title='bbox 1830 3910 1876 3963; x_wconf 91' lang='lat' dir='ltr'>si</span> <span class='ocrx_word' id='word_1_337' title='bbox 1918 3911 2063 3963; x_wconf 91' lang='lat' dir='ltr'>recte</span> <span class='ocrx_word' id='word_1_338' title='bbox 2104 3907 2378 3977; x_wconf 86' lang='lat' dir='ltr'>Hagenius</span> 
     </span>
     <span class='ocr_line' id='line_1_40' title="bbox 209 3990 2379 4062; baseline -0.002 -12"><span class='ocrx_word' id='word_1_339' title='bbox 209 4014 418 4050; x_wconf 85' lang='lat' dir='ltr'>versum</span> <span class='ocrx_word' id='word_1_340' title='bbox 453 3997 701 4049; x_wconf 71' lang='lat' dir='ltr'>octavtnn</span> <span class='ocrx_word' id='word_1_341' title='bbox 735 3994 808 4048; x_wconf 88' lang='lat' dir='ltr'>ad</span> <span class='ocrx_word' id='word_1_342' title='bbox 840 3993 1205 4048; x_wconf 79' lang='lat' dir='ltr'>Godofredum</span> <span class='ocrx_word' id='word_1_343' title='bbox 1237 3992 1514 4047; x_wconf 86' lang='lat' dir='ltr'>Nifensem</span> <span class='ocrx_word' id='word_1_344' title='bbox 1550 3991 1716 4044; x_wconf 88' lang='lat' dir='ltr'>refert</span> <span class='ocrx_word' id='word_1_345' title='bbox 1754 3994 1809 4045; x_wconf 88' lang='lat' dir='ltr'>et</span> <span class='ocrx_word' id='word_1_346' title='bbox 1842 4012 1886 4045; x_wconf 88' lang='lat' dir='ltr'>c.</span> <span class='ocrx_word' id='word_1_347' title='bbox 1920 3990 2009 4043; x_wconf 89' lang='lat' dir='ltr'>XI.</span> <span class='ocrx_word' id='word_1_348' title='bbox 2044 3991 2091 4044; x_wconf 88' lang='lat'>3.</span> <span class='ocrx_word' id='word_1_349' title='bbox 2123 3991 2182 4043; x_wconf 91' lang='lat' dir='ltr'>in</span> <span class='ocrx_word' id='word_1_350' title='bbox 2220 3992 2379 4062; x_wconf 79' lang='lat' dir='ltr'>Regi-</span> 
     </span>
     <span class='ocr_line' id='line_1_41' title="bbox 215 4075 2378 4145; baseline -0.002 -12"><span class='ocrx_word' id='word_1_351' title='bbox 215 4096 422 4133; x_wconf 81' lang='lat' dir='ltr'>marum</span> <span class='ocrx_word' id='word_1_352' title='bbox 454 4077 712 4133; x_wconf 87' lang='lat' dir='ltr'>iuniorem</span> <span class='ocrx_word' id='word_1_353' title='bbox 747 4078 990 4131; x_wconf 86' lang='lat' dir='ltr'>missum:</span> <span class='ocrx_word' id='word_1_354' title='bbox 1041 4076 1098 4129; x_wconf 89' lang='lat' dir='ltr'>in</span> <span class='ocrx_word' id='word_1_355' title='bbox 1149 4076 1250 4129; x_wconf 85' lang='lat' dir='ltr'>hoc</span> <span class='ocrx_word' id='word_1_356' title='bbox 1301 4092 1457 4130; x_wconf 90' lang='lat' dir='ltr'>nemo</span> <span class='ocrx_word' id='word_1_357' title='bbox 1508 4076 1619 4129; x_wconf 87' lang='lat' dir='ltr'>iam</span> <span class='ocrx_word' id='word_1_358' title='bbox 1669 4076 1801 4130; x_wconf 88' lang='lat' dir='ltr'>satis</span> <span class='ocrx_word' id='word_1_359' title='bbox 1848 4075 2230 4145; x_wconf 82' lang='lat' dir='ltr'>interpretatus</span> <span class='ocrx_word' id='word_1_360' title='bbox 2282 4078 2378 4137; x_wconf 84' lang='lat' dir='ltr'>est,</span> 
     </span>
     <span class='ocr_line' id='line_1_42' title="bbox 207 4156 2378 4229; baseline -0.001 -15"><span class='ocrx_word' id='word_1_361' title='bbox 207 4162 472 4229; x_wconf 90' lang='lat' dir='ltr'>quomodo</span> <span class='ocrx_word' id='word_1_362' title='bbox 507 4162 778 4229; x_wconf 79' lang='lat' dir='ltr'>appella-re</span> <span class='ocrx_word' id='word_1_363' title='bbox 811 4160 982 4229; x_wconf 86' lang='lat' dir='ltr'>possit</span> <span class='ocrx_word' id='word_1_364' title='bbox 1014 4158 1368 4222; x_wconf 87' lang='lat' dir='ltr'>„doenedieb“</span> <span class='ocrx_word' id='word_1_365' title='bbox 1399 4162 1633 4227; x_wconf 85' lang='lat' dir='ltr'>poetam,</span> <span class='ocrx_word' id='word_1_366' title='bbox 1668 4159 1759 4227; x_wconf 86' lang='lat' dir='ltr'>qui</span> <span class='ocrx_word' id='word_1_367' title='bbox 1780 4175 1952 4228; x_wconf 89' lang='lat' dir='ltr'>paene</span> <span class='ocrx_word' id='word_1_368' title='bbox 1972 4158 2169 4225; x_wconf 86' lang='lat' dir='ltr'>ubique</span> <span class='ocrx_word' id='word_1_369' title='bbox 2188 4156 2378 4211; x_wconf 90' lang='lat' dir='ltr'>eodem</span> 
     </span>
    </p>
   </div>
   <div class='ocr_carea' id='block_1_5' title="bbox 207 4246 698 4312">
    <p class='ocr_par' dir='ltr' id='par_1_8' title="bbox 207 4246 698 4312">
     <span class='ocr_line' id='line_1_43' title="bbox 207 4246 698 4312; baseline 0 -13"><span class='ocrx_word' id='word_1_370' title='bbox 207 4246 419 4312; x_wconf 76' lang='lat' dir='ltr'>rythmo</span> <span class='ocrx_word' id='word_1_371' title='bbox 455 4264 578 4299; x_wconf 87' lang='lat' dir='ltr'>usus</span> <span class='ocrx_word' id='word_1_372' title='bbox 614 4246 698 4299; x_wconf 84' lang='lat' dir='ltr'>sit.</span> 
     </span>
    </p>
   </div>
  </div>
 </body>
</html>
