3035 4726
1310 377 1386 445 67

271 562 588 630 minorem
632 585 777 642 esse,
820 585 1011 648 quam
1052 562 1162 647 qui
1204 561 1307 628 illi
1347 560 1794 648 responderent
1813 566 2095 645 ,quartus
2127 559 2446 643 secundae,

266 668 535 746 quartus
577 667 645 728 et
684 668 939 728 octavus
990 662 1223 748 prioris
1275 661 1607 747 strophae,
1671 666 1785 727 aut
1843 659 1976 746 ipse
2043 684 2185 726 cum
2246 661 2448 728 denuo

265 765 655 828 retractaret
694 783 807 828 sua
849 766 961 827 aut
1004 761 1166 827 alius
1207 759 1625 824 intellexisset
1651 758 1936 845 idemque
1963 761 2211 847 peccati
2237 761 2448 827 notio-

266 883 419 926 nem
461 861 703 946 requiri
746 885 785 926 a
826 859 1144 927 sententia
1184 864 1463 946 putaret,
1509 880 1672 938 „von
1711 859 1990 926 siinden“
2031 860 2320 927 inseruit.

468 958 711 1026 Ambae
772 957 1070 1044 strophae
1133 957 1319 1023 huius
1393 957 1642 1042 rythmi
1713 981 1978 1046 magnas
2040 959 2448 1027 difficultates

262 1057 599 1142 praebent,
642 1058 697 1122 si
740 1057 879 1142 quis
920 1057 1000 1122 ad
1040 1063 1281 1123 certam
1320 1079 1612 1122 normam
1638 1080 1742 1124 eas
1768 1060 2054 1146 redigere
2083 1062 2236 1125 volt.
2309 1061 2448 1138 Qua

266 1154 525 1220 ratione
551 1177 799 1221 versum
826 1163 1117 1222 octavum
1144 1157 1442 1242 strophae
1462 1157 1734 1224 'alterius
1755 1159 2210 1226 emendandum
2230 1164 2448 1246 putem

264 1257 453 1322 modo
506 1257 666 1344 dici3
726 1258 833 1323 sed
896 1259 965 1323 in
1022 1259 1167 1324 aliis
1222 1281 1465 1343 quoque
1528 1259 1810 1324 versibus
1859 1259 2022 1324 vitia
2073 1281 2201 1324 non
2242 1281 2444 1346 parva

266 1355 568 1422 videntur
608 1362 842 1422 extare.
929 1357 1107 1435 Quod
1146 1357 1217 1421 in
1258 1358 1464 1422 altera
1504 1358 1769 1443 stropha
1807 1380 2018 1422 versus
2045 1357 2344 1423 secundus
2382 1369 2449 1423 et

268 1460 533 1540 quartus
577 1457 911 1522 anacrusin
954 1457 1211 1536 habent,
1257 1479 1399 1522 cum
1442 1457 1646 1523 eidem
1689 1481 1764 1522 ea
1801 1463 2062 1523 careant
2087 1458 2158 1522 in
2185 1458 2449 1544 stropha

267 1554 502 1640 priore,
546 1554 613 1620 id
654 1577 765 1621 nos
806 1556 1014 1621 minus
1056 1556 1335 1636 offendit,
1392 1579 1537 1622 cum
1577 1557 1699 1622 hae
1742 1578 1868 1621 non
1909 1556 2040 1620 sint
2080 1556 2266 1621 unius
2307 1577 2448 1620 car-

268 1655 462 1720 minis
502 1655 829 1740 strophae3
872 1657 1002 1721 iam
1042 1657 1253 1722 minus
1293 1659 1524 1742 placet,
1569 1655 1734 1739 quod
1776 1655 2037 1720 eandem
2066 1677 2279 1720 versus
2305 1677 2446 1740 sep-

266 1755 465 1821 timus
504 1756 823 1845 ¹strophae
890 1757 1193 1830 secundae
1257 1755 1498 1834 omisit,
1563 1777 1705 1819 cum
1767 1775 1896 1818 non
1960 1755 2171 1818 versus
2221 1753 2448 1820 tertius

266 1858 473 1920 solum
514 1861 581 1920 et
615 1857 915 1942 septimus
942 1852 1175 1942 prioris
1200 1856 1517 1943 strophae,
1561 1855 1667 1920 sed
1695 1853 1896 1919 etiam·
1918 1852 2147 1917 tertius
2173 1852 2448 1918 eiusdem

267 1957 570 2042 strophae
611 1979 751 2024 eam
792 1959 1108 2024 exhibeat.
1153 1995 1235 2008 --
1278 1958 1325 2023 Ι.
1372 1979 1428 2023 v,
1479 1959 1554 2023 11
1601 1962 1750 2022 ante
1776 1953 2150 2019 vocabulum
2182 1954 2448 2037 „engel“

270 2055 620 2121 articulum
660 2057 1061 2123 inserendum
1104 2079 1231 2124 esse
1276 2058 1576 2136 arbitror,
1621 2057 1758 2142 ipsa
1785 2055 1915 2120 iam
1943 2054 2278 2118 verborum
2305 2075 2446 2117 sen-

266 2155 483 2218 tentia
526 2155 920 2239 requisitum,
979 2156 1075 2221 ita
1124 2161 1201 2220 ut
1247 2177 1459 2220 versus
1509 2176 1763 2241 prorsus
1805 2153 2079 2218 eiusdem
2119 2173 2447 2217 mensurae

266 2253 359 2318 sit
401 2273 591 2336 quam
633 2253 745 2337 qui
786 2253 1053 2318 eundem
1095 2255 1301 2318 locum
1346 2253 1540 2318 hahet
1597 2253 1666 2317 in
1713 2252 1977 2338 stropha
2019 2255 2241 2318 altera.
2327 2252 2448 2318 Sed

266 2352 436 2417 sicut
483 2374 693 2418 versus
754 2352 1129 2432 duodecimi,
1202 2353 1324 2420 duo
1399 2374 1645 2439 quoque
1721 2354 2048 2419 amborum
2109 2352 2446 2440 epodorum

266 2454 489 2519 ultimi
530 2476 743 2519 versus
784 2455 963 2519 nullo
1004 2456 1187 2519 modo
1228 2459 1602 2541 congruunt.

470 2552 703 2619 Versus
745 2554 792 2619 I.
842 2558 937 2621 13.
1028 2555 1149 2635 „da
1189 2562 1403 2623 tusent
1436 2557 1544 2642 jar
1581 2555 1747 2621 'noch
1786 2556 2016 2620 kurzer
2042 2554 2192 2632 sint,
2235 2552 2444 2619 danne

268 2650 379 2717 hie
420 2652 527 2716 ein
566 2652 926 2719 stiindelin“
988 2654 1109 2720 duo
1156 2654 1441 2720 eontinet
1490 2653 1776 2719 membra
1817 2674 2073 2720 caesura
2099 2654 2196 2720 ita
2223 2653 2443 2732 divisa,

266 2759 347 2817 ut
387 2753 565 2837 prius
594 2753 827 2819 habeat
853 2760 1157 2838 quattuor
1186 2756 1443 2835 iambos,
1489 2756 1766 2821 alterum
1791 2754 2130 2820 dimetrum
2159 2753 2446 2819 trochai-

268 2874 415 2917 cum
456 2854 897 2919 catalecticum
938 2856 1009 2920 in
1062 2858 1375 2941 syllabam
1436 2856 1569 2921 sive
1629 2859 1708 2921 ut
1767 2877 1802 2920 e
1865 2856 2110 2941 legibus
2161 2853 2447 2921 metricis

267 2954 663 3019 Germanicis
705 2976 952 3019 versum
994 2957 1343 3041 significem
1388 2978 1598 3022 versus
1639 2955 2081 3040 complectitur
2109 2960 2251 3021 octo
2279 2976 2447 3020 arses

271 3055 561 3119 anacrusi
588 3057 934 3141 praemissa
961 3063 1025 3124 ct
1052 3063 1283 3143 quarta
1310 3057 1475 3123 thesi
1503 3057 1573 3122 in
1602 3078 1860 3123 caesura
1886 3056 2154 3121 sublata.
2213 3053 2448 3120 Versus

270 3160 442 3225 reete
484 3158 861 3241 compositus
902 3158 1154 3223 videtur
1199 3163 1538 3244 aptamque
1577 3158 1844 3244 praebet
1883 3155 2298 3229 sententiam3
2341 3152 2448 3219 sed

270 3256 578 3340 quomodo
618 3278 696 3322 ex
736 3258 954 3323 eadem
996 3280 1218 3324 norma
1258 3280 1509 3324 versum
1551 3248 1816 3323 eundem
1856 3254 2154 3339 strophae
2184 3254 2449 3320 alterius

271 3357 557 3442 redigam
626 3380 753 3424 non
818 3358 997 3425 video
1058 3381 1175 3425 nec
1236 3360 1459 3425 melius
1515 3380 1728 3425 versus
1779 3356 2038 3422 ultimos
2089 3354 2447 3419 consociare

269 3476 535 3541 possum.
622 3455 699 3520 In
739 3455 839 3521 his
889 3478 1133 3541 quoque
1189 3457 1471 3523 consulto
1535 3457 1762 3523 omitto
1825 3454 2157 3521 conamina
2221 3452 2446 3519 afferre

270 3554 577 3619 vitiorum
617 3555 1065 3634 sanandorum,
1130 3578 1207 3639 qu
1215 3555 1362 3643 ippe
1426 3574 1585 3639 quae
1648 3555 1935 3641 vestigiis
1995 3552 2132 3619 veri
2194 3576 2450 3638 prorsus

269 3656 492 3721 deletis
533 3656 743 3742 potius
782 3659 1134 3742 praebeant
1175 3680 1333 3741 quae
1378 3657 1516 3742 quis
1557 3656 1680 3722 sibi
1720 3654 1996 3732 finxerit,
2052 3676 2242 3740 quam
2285 3676 2450 3737 quae

266 3752 595 3837 scripserit
634 3760 843 3838 poeta.
926 3754 1191 3820 Schema
1234 3754 1553 3834 carminiS,
1598 3755 1702 3820 sed
1743 3754 2035 3821 dubium:

578 3952 1071 4019 Ia.1.ae7
1440 3954 1952 4048 Ib.·5.d„'7

750 4056 893 4117 2.a
1029 4054 1064 4117 7
1632 4052 1773 4116 6.d
1911 4054 1948 4115 7

750 4152 1069 4215 3.be4
1635 4152 1952 4215 ‘vatl

748 4255 1160 4319 4025*
1628 4254 2039 4317 8.c-ae5.⁴

2055 4352 2118 4405 9*
