3035 4726
1735 358 1812 423 82

883 542 1052 619 Quae
1095 542 1429 627 Lipsiensis
1473 541 1666 607 habet
1707 540 1977 606 eiusdem
2020 538 2367 604 duodecimi
2421 536 2668 624 rythmi
2711 558 2862 605 car-

688 640 880 719 mina,
925 664 1303 725 quamquam
1346 642 1415 705 in
1457 642 1664 705 codice
1707 641 1838 705 eius
1879 640 2130 704 nomine
2173 661 2300 703 non
2327 646 2572 718 ornata,
2616 640 2860 704 maiore

687 762 829 804 cum
868 739 1096 805 fiducia
1138 740 1435 805 Marnero
1475 730 1944 806 vindicayerim.
2048 738 2118 803 ln
2176 740 2388 824 priore
2447 738 2731 823 loquitur
2784 738 2860 802 de

686 837 963 921 sapienti
1002 838 1139 902 viro
1183 844 1392 905 aetate
1434 844 1747 924 provecte,
1794 840 1903 923 qui
1948 838 2313 923 accipitrem
2343 838 2555 905 alebat
2583 837 2862 903 venandi

685 935 1027 1001 studiosum
1069 942 1133 1001 et
1178 937 1471 1002 audacem
1506 938 1815 1023 simulque
1843 938 2153 1002 cornicem
2183 937 2476 1001 inutilem
2502 936 2607 1001 sed
2637 937 2861 1020 loqua-

684 1056 847 1109 cem;
890 1058 927 1099 a
968 1058 1110 1099 sene
1154 1036 1287 1121 ipso
1331 1036 1697 1120 accipitrem
1740 1036 1897 1099 bene
1940 1035 2255 1100 nutritum
2283 1055 2428 1111 esse,
2471 1033 2577 1098 sed
2603 1034 2860 1117 neglec-

686 1139 825 1199 tum
869 1134 983 1199 illo
1023 1140 1298 1200 mortuo:
1344 1158 1491 1200 nam
1534 1157 1746 1199 omnes
1783 1134 1950 1199 cibos
1977 1134 2154 1199 datos
2181 1154 2308 1197 esse
2337 1156 2376 1197 a
2402 1131 2619 1197 liberis
2645 1131 2863 1197 stultis

684 1233 919 1298 cornici
962 1234 1238 1299 rabulae.
1327 1232 1635 1313 „Utinam
1685 1232 1832 1297 deus
1881 1254 2089 1298 senem
2151 1229 2524 1315 prudentem
2585 1230 2696 1314 qui
2763 1231 2860 1294 ita

684 1332 840 1395 bene
904 1330 1272 1417 accipitrem
1276 1384 1311 1415 ,
1334 1330 1614 1397 nutriret
1678 1328 1880 1393 adhuc
1942 1330 2152 1394 vivere
2207 1329 2481 1403 iuberet3
2543 1329 2862 1414 praetulit

685 1430 795 1494 ille
826 1420 1029 1493 artem
1056 1428 1447 1513 garrulitati.
1521 1424 1705 1490 Nunc
1732 1425 1958 1491 dicatis
1985 1447 2137 1511 opus
2165 1432 2290 1492 est:
2328 1432 2538 1493 taceas
2565 1428 2859 1493 cornix!“

881 1526 958 1591 In
998 1528 1361 1592 universum
1402 1526 1662 1590 difficile
1725 1548 1851 1590 esse
1914 1525 2074 1603 dixi,
2140 1546 2299 1608 quae
2361 1524 2714 1591 similitudo
2773 1527 2862 1590 sit

682 1626 1067 1711 opinionum,
1111 1626 1598 1705 sententiarum,
1663 1626 1910 1713 generis
1966 1624 2213 1689 dicendi
2255 1625 2482 1691 horum
2519 1630 2858 1711 poetarum

680 1728 737 1791 si
779 1728 917 1811 quis
958 1751 1036 1793 ex
1078 1728 1540 1811 hisjauctorem
1582 1728 1885 1813 indagare
1929 1728 2086 1791 velit
2113 1727 2443 1804 incertum,
2489 1726 2634 1791 aliis
2662 1746 2856 1809 argu-

682 1830 913 1895 mentis
966 1852 1095 1895 non
1146 1830 1394 1896 additis.
1490 1830 1797 1895 Attamen
1861 1829 1978 1893 hoc
2040 1850 2291 1893 carmen
2354 1826 2450 1891 ita
2512 1846 2856 1910 congruere

682 1926 844 1991 mihi
886 1926 1136 1993 videtur
1177 1948 1318 1991 cum
1361 1926 1610 1991 ratione
1653 1927 1770 1991 illa
1811 1925 2238 2005 Memoriana,
2283 1948 2317 1991 e
2360 1946 2484 2010 qua
2525 1925 2858 2010 coniungit

682 2028 1021 2109 praecepta
1084 2046 1197 2089 sua
1261 2045 1402 2087 cum
1463 2022 1697 2090 fabulis
1759 2022 1834 2103 de
1879 2022 2258 2089 animalibus
2299 2024 2606 2103 narratis,
2661 2028 2856 2109 atque

681 2122 803 2188 hae
844 2122 1328 2187 lamentationes
1369 2120 1444 2185 de
1485 2120 1732 2185 miseris
1744 2120 1952 2185 ’rebus
1979 2120 2106 2184 suis
2135 2120 2628 2206 adversariisque
2653 2123 2857 2207 poetis

684 2226 763 2289 ob
804 2208 1254 2309 garrulitatem
1304 2219 1611 2307 praelatis
1672 2218 1878 2285 dictae
1943 2220 2039 2284 ita
2100 2221 2476 2305 respondent
2535 2219 2855 2306 prioribus

683 2322 1081 2402 carminibus,
1126 2327 1201 2388 ut
1239 2340 1319 2388 ao
1348 2321 1562 2386 eodem
1589 2326 1778 2407 poeta
1805 2342 1878 2386 ea
1905 2320 2144 2405 scripta
2170 2342 2296 2386 esse
2321 2320 2855 2387 verisimillimum

680 2421 782 2501 sit,
825 2423 1199 2509 praesertim
1242 2443 1384 2486 cum
1427 2421 1557 2486 alia
1600 2421 1872 2486 eiusdem
1913 2421 2159 2505 rythmi
2195 2422 2520 2488 Parisinus
2559 2422 2619 2486 ei
2663 2421 2856 2486 attri-

680 2523 833 2586 buat
874 2544 1075 2606 neque
1116 2523 1246 2588 sint
1288 2521 1459 2585 inter
1500 2543 1602 2584 res
1640 2521 1936 2586 metricas
1984 2525 2052 2586 et
2106 2523 2558 2606 grammaticas
2609 2523 2855 2587 alienae

680 2643 719 2686 a
759 2619 1057 2688 Marnero
1100 2621 1201 2704 (cf.
1247 2619 1418 2686 XIV.
1464 2623 1533 2696 93
1603 2621 1679 2684 14
1721 2659 1801 2668 —
1845 2619 1984 2686 XV.
2031 2624 2140 2696 133
2201 2623 2309 2698 18;
2372 2625 2450 2686 21
2497 2659 2579 2672 —-
2619 2621 2731 2688 VI.
2781 2626 2854 2698 1;

679 2722 717 2782 2
763 2733 841 2767 —4
884 2718 1057 2785 XIV.
1103 2721 1171 2799 93
1218 2721 1325 2805 10;
1373 2720 1451 2782 16
1494 2755 1577 2766 —-
1617 2719 1755 2786 XV.
1801 2721 1871 2796 9;
1918 2722 2039 2806 11).

876 2818 1030 2883 Fere
1073 2819 1237 2882 idem
1280 2819 1611 2884 dicendum
1653 2825 1748 2886 est
1775 2821 1850 2886 de
1877 2821 2140 2907 stropha
2169 2845 2208 2888 a
2228 2822 2536 2908 Lipsiensi
2565 2825 2634 2888 in
2661 2848 2720 2909 p.
2751 2825 2851 2889 28.

676 2920 1003 3004 praestita,
1035 2942 1415 3004 quamquam
1438 2944 1540 2986 me
1569 2923 1743 2987 illius
1764 2923 2043 3008 primum
2063 2945 2312 2988 versum
2331 2945 2458 2988 non
2481 2923 2856 3007 intellegere

683 3020 1017 3095 confiteor3
1082 3041 1199 3084 nec
1247 3021 1368 3085 scit
1409 3019 1648 3086 Mfiller
1699 3022 1809 3105 qui
1864 3022 2086 3088 scribit
2128 3023 2197 3087 in
2237 3023 2564 3089 thesauro:
2629 3027 2854 3101 „ffirev

677 3118 1005 3184 vielleicht
1044 3122 1211 3184 stare
1228 3121 1301 3184 ‘?“
1352 3118 1457 3184 sed
1514 3119 1666 3203 quid
1705 3121 2045 3205 profecerit
2087 3120 2206 3185 hac
2248 3119 2682 3186 emendatione
2722 3145 2856 3188 non

676 3218 882 3296 videm
948 3219 1016 3282 in
1057 3219 1285 3284 ultimo
1326 3241 1510 3283 versu
1554 3220 1847 3297 „selben“
1889 3219 2082 3284 metri
2125 3239 2309 3284 causa
2351 3243 2476 3285 esse
2519 3219 2855 3286 delendum

676 3343 907 3386 censeo.
1013 3319 1182 3396 Quae
1244 3323 1575 3404 praeterea
1639 3319 1833 3384 habet
1875 3319 2006 3385 eius
2047 3321 2296 3405 generis
2338 3357 2416 3367 —
2461 3321 2854 3404 syllabarum

675 3420 1161 3505 correptionem,
1215 3440 1355 3482 cum
1416 3418 1536 3483 duo
1586 3425 1703 3498 „e“
1747 3425 2007 3485 accentu
2050 3425 2232 3486 acuto
2287 3442 2414 3486 non
2469 3421 2602 3484 icta
2647 3421 2852 3486 vocali

673 3518 949 3603 simplici
975 3523 1349 3602 separentur
1368 3556 1446 3564 —
1476 3542 1534 3582 v.
1571 3521 1622 3583 1.
1655 3521 1790 3584 zale
1818 3520 2089 3598 verlorn,
2121 3543 2177 3585 v.
2208 3521 2302 3584 14.
2337 3521 2494 3585 liute
2523 3520 2852 3597 berihoem

674 3637 988 3700 syncopen
1050 3615 1211 3679 irter
1274 3617 1543 3701 liquidas
1607 3617 1963 3684 adhibitam
2007 3617 2285 3702 „spilut“
2328 3642 2385 3683 v.
2434 3620 2546 3693 10;
2585 3619 2853 3684 eandem

677 3717 746 3780 in
790 3722 1163 3799 „mangem“
1206 3720 1272 3779 et
1299 3717 1617 3795 „edelem“
1662 3740 1717 3782 v.
1768 3720 1846 3783 13
1907 3755 1988 3766 -
2033 3717 2451 3802 vituperanda
2501 3740 2628 3784 non
2683 3726 2847 3785 sunt.

874 3813 1075 3880 Offert
1116 3815 1380 3900 denique
1423 3839 1458 3880 e
1498 3816 1924 3901 Lipsiensibus
1977 3817 2167 3882 codex
2209 3815 2320 3881 VI.
2365 3817 2851 3884 vaticinationes

660 3913 937 3979 ‘Sibillae
980 3913 1049 3979 in
1089 3921 1291 3982 metro
1334 3918 1539 3982 aulico
1583 3917 1888 3999 („Hofton
1931 3943 2016 3968 =
2057 3915 2226 3982 XIV.
2284 3940 2385 4003 ap.
2429 3917 2623 4004 Hag.)
2679 3941 2849 3984 com-

673 4013 934 4097 positam
977 4017 1081 4080 sed
1123 4039 1348 4082 nomen
1376 4016 1663 4084 Marneri
1706 4041 1834 4083 non
1875 4023 2108 4103 gerunt
2149 4039 2350 4102 neque
2387 4017 2562 4084 illius
2589 4041 2694 4083 eas
2720 4041 2848 4084 esse

673 4116 845 4195 puto,
912 4111 1231 4182 Exhibeat
1258 4117 1570 4182 clausulas
1597 4118 1786 4192 sicut3
1817 4123 2090 4202 „ergant
2135 4115 2489 4196 Salom0n“,
2533 4139 2849 4203 syncopen

655 4208 929 4276 “litterae
992 4219 1107 4292 „e“
1167 4220 1309 4299 post
1371 4213 1684 4298 duplicem
1756 4221 2199 4282 consonantem
2268 4217 2576 4296 („brfikke
2640 4217 2845 4300 ἅμ”),

661 4307 832 4373 alias
874 4309 1003 4374 eius
1044 4312 1291 4394 generis
1333 4334 1448 4377 res.
