<?xml version="1.0" encoding="UTF-8"?>
<!DOCTYPE html PUBLIC "-//W3C//DTD XHTML 1.0 Transitional//EN"
    "http://www.w3.org/TR/xhtml1/DTD/xhtml1-transitional.dtd">
<html xmlns="http://www.w3.org/1999/xhtml" xml:lang="en" lang="en">
 <head>
  <title>
</title>
<meta http-equiv="Content-Type" content="text/html;charset=utf-8" />
  <meta name='ocr-system' content='tesseract 3.04.00' />
  <meta name='ocr-capabilities' content='ocr_page ocr_carea ocr_par ocr_line ocrx_word'/>
</head>
<body>
  <div class='ocr_page' id='page_1' title='image "./devitaetcarmini00schngoog_0090.png"; bbox 0 0 3035 4726; ppageno 0'>
   <div class='ocr_carea' id='block_1_1' title="bbox 1254 325 1333 389">
    <p class='ocr_par' dir='ltr' id='par_1_1' title="bbox 1254 325 1333 389">
     <span class='ocr_line' id='line_1_1' title="bbox 1254 325 1333 389; baseline 0.013 -1"><span class='ocrx_word' id='word_1_1' title='bbox 1254 325 1333 389; x_wconf 82' lang='lat'><strong>83</strong></span> 
     </span>
    </p>
   </div>
   <div class='ocr_carea' id='block_1_2' title="bbox 410 505 2380 592">
    <p class='ocr_par' dir='ltr' id='par_1_2' title="bbox 410 505 2510 592">
     <span class='ocr_line' id='line_1_2' title="bbox 410 505 2380 592; baseline -0.001 -20"><span class='ocrx_word' id='word_1_2' title='bbox 410 505 508 572; x_wconf 83' lang='lat' dir='ltr'><strong>Ex</strong></span> <span class='ocrx_word' id='word_1_3' title='bbox 572 505 1203 592; x_wconf 85' lang='lat' dir='ltr'><strong>Heidelbergensibus</strong></span> <span class='ocrx_word' id='word_1_4' title='bbox 1262 505 1587 590; x_wconf 84' lang='lat' dir='ltr'><strong>Hagenius</strong></span> <span class='ocrx_word' id='word_1_5' title='bbox 1651 505 1730 571; x_wconf 91' lang='lat' dir='ltr'><strong>ad</strong></span> <span class='ocrx_word' id='word_1_6' title='bbox 1791 505 2129 571; x_wconf 73' lang='lat' dir='ltr'>editionem</span> <span class='ocrx_word' id='word_1_7' title='bbox 2205 528 2380 571; x_wconf 89' lang='lat' dir='ltr'><strong>suam</strong></span> 
     </span>
    </p>
   </div>
   <div class='ocr_carea' id='block_1_3' title="bbox 180 601 2393 1683">
    <p class='ocr_par' dir='ltr' id='par_1_3' title="bbox 180 601 2393 1683">
     <span class='ocr_line' id='line_1_3' title="bbox 186 601 2380 688; baseline 0.002 -22"><span class='ocrx_word' id='word_1_8' title='bbox 186 603 661 688; x_wconf 84' lang='lat' dir='ltr'><strong>perficiendam</strong></span> <span class='ocrx_word' id='word_1_9' title='bbox 723 626 825 669; x_wconf 91' lang='lat' dir='ltr'><strong>eos</strong></span> <span class='ocrx_word' id='word_1_10' title='bbox 885 603 1045 669; x_wconf 84' lang='lat' dir='ltr'><strong>solos</strong></span> <span class='ocrx_word' id='word_1_11' title='bbox 1100 601 1425 682; x_wconf 59' lang='lat' dir='ltr'><strong>adhibuit,</strong></span> <span class='ocrx_word' id='word_1_12' title='bbox 1484 603 1596 686; x_wconf 88' lang='lat' dir='ltr'><strong>qui</strong></span> <span class='ocrx_word' id='word_1_13' title='bbox 1657 605 1932 671; x_wconf 90' lang='lat' dir='ltr'><strong>numeris</strong></span> <span class='ocrx_word' id='word_1_14' title='bbox 1989 607 2107 670; x_wconf 84' lang='lat'><strong>357</strong></span> <span class='ocrx_word' id='word_1_15' title='bbox 2152 611 2218 670; x_wconf 89' lang='lat' dir='ltr'><strong>et</strong></span> <span class='ocrx_word' id='word_1_16' title='bbox 2259 608 2380 671; x_wconf 88' lang='lat'><strong>350</strong></span> 
     </span>
     <span class='ocr_line' id='line_1_4' title="bbox 180 699 2380 777; baseline 0 -9"><span class='ocrx_word' id='word_1_17' title='bbox 180 707 537 771; x_wconf 84' lang='lat' dir='ltr'><strong>notantur.</strong></span> <span class='ocrx_word' id='word_1_18' title='bbox 645 704 833 770; x_wconf 87' lang='lat' dir='ltr'>Prior</span> <span class='ocrx_word' id='word_1_19' title='bbox 895 702 1310 768; x_wconf 88' lang='lat' dir='ltr'><strong>Marneriana</strong></span> <span class='ocrx_word' id='word_1_20' title='bbox 1368 722 1496 767; x_wconf 91' lang='lat' dir='ltr'><strong>non</strong></span> <span class='ocrx_word' id='word_1_21' title='bbox 1559 699 1775 777; x_wconf 78' lang='lat' dir='ltr'><strong>offert;</strong></span> <span class='ocrx_word' id='word_1_22' title='bbox 1841 703 2030 770; x_wconf 86' lang='lat' dir='ltr'><strong>alteri</strong></span> <span class='ocrx_word' id='word_1_23' title='bbox 2097 704 2380 769; x_wconf 88' lang='lat' dir='ltr'><strong>carmina</strong></span> 
     </span>
     <span class='ocr_line' id='line_1_5' title="bbox 182 799 2379 889; baseline -0 -21"><span class='ocrx_word' id='word_1_24' title='bbox 182 804 501 888; x_wconf 80' lang='lat' dir='ltr'><strong>gnomica</strong></span> <span class='ocrx_word' id='word_1_25' title='bbox 562 805 889 889; x_wconf 86' lang='lat' dir='ltr'><strong>complexo</strong></span> <span class='ocrx_word' id='word_1_26' title='bbox 950 801 1236 868; x_wconf 88' lang='lat' dir='ltr'><strong>additum</strong></span> <span class='ocrx_word' id='word_1_27' title='bbox 1298 806 1393 866; x_wconf 85' lang='lat' dir='ltr'><strong>est</strong></span> <span class='ocrx_word' id='word_1_28' title='bbox 1453 799 1836 888; x_wconf 88' lang='lat' dir='ltr'><strong>florilegium</strong></span> <span class='ocrx_word' id='word_1_29' title='bbox 1891 805 2249 888; x_wconf 88' lang='lat' dir='ltr'><strong>poematum</strong></span> <span class='ocrx_word' id='word_1_30' title='bbox 2303 803 2379 868; x_wconf 94' lang='lat' dir='ltr'><strong>de</strong></span> 
     </span>
     <span class='ocr_line' id='line_1_6' title="bbox 182 901 2380 988; baseline 0 -22"><span class='ocrx_word' id='word_1_31' title='bbox 182 903 395 968; x_wconf 84' lang='lat' dir='ltr'><strong>rebus</strong></span> <span class='ocrx_word' id='word_1_32' title='bbox 438 903 667 968; x_wconf 83' lang='lat' dir='ltr'><strong>divinis</strong></span> <span class='ocrx_word' id='word_1_33' title='bbox 710 903 1039 988; x_wconf 75' lang='lat' dir='ltr'><strong>agentium</strong></span> <span class='ocrx_word' id='word_1_34' title='bbox 1079 902 1160 967; x_wconf 91' lang='lat' dir='ltr'><strong>ab</strong></span> <span class='ocrx_word' id='word_1_35' title='bbox 1205 901 1334 966; x_wconf 90' lang='lat' dir='ltr'><strong>alia</strong></span> <span class='ocrx_word' id='word_1_36' title='bbox 1375 924 1567 966; x_wconf 89' lang='lat' dir='ltr'><strong>manu</strong></span> <span class='ocrx_word' id='word_1_37' title='bbox 1609 902 1955 986; x_wconf 83' lang='lat' dir='ltr'><strong>scriptum;</strong></span> <span class='ocrx_word' id='word_1_38' title='bbox 1998 907 2064 968; x_wconf 87' lang='lat' dir='ltr'><strong>et</strong></span> <span class='ocrx_word' id='word_1_39' title='bbox 2101 901 2207 967; x_wconf 88' lang='lat' dir='ltr'><strong>hic</strong></span> <span class='ocrx_word' id='word_1_40' title='bbox 2235 901 2380 966; x_wconf 88' lang='lat' dir='ltr'><strong>inde</strong></span> 
     </span>
     <span class='ocr_line' id='line_1_7' title="bbox 189 1000 2393 1088; baseline 0 -22"><span class='ocrx_word' id='word_1_41' title='bbox 189 1024 237 1066; x_wconf 80' lang='lat' dir='ltr'><strong>a</strong></span> <span class='ocrx_word' id='word_1_42' title='bbox 286 1023 357 1086; x_wconf 88' lang='lat' dir='ltr'><strong>p.</strong></span> <span class='ocrx_word' id='word_1_43' title='bbox 402 1002 487 1066; x_wconf 81' lang='lat'><strong>43</strong></span> <span class='ocrx_word' id='word_1_44' title='bbox 528 1023 718 1086; x_wconf 87' lang='lat' dir='ltr'><strong>usque</strong></span> <span class='ocrx_word' id='word_1_45' title='bbox 762 1001 843 1067; x_wconf 88' lang='lat' dir='ltr'><strong>ad</strong></span> <span class='ocrx_word' id='word_1_46' title='bbox 883 1023 943 1086; x_wconf 88' lang='lat' dir='ltr'><strong>p.</strong></span> <span class='ocrx_word' id='word_1_47' title='bbox 990 1002 1070 1066; x_wconf 88' lang='lat'><strong>64</strong></span> <span class='ocrx_word' id='word_1_48' title='bbox 1098 1022 1173 1066; x_wconf 90' lang='lat' dir='ltr'><strong>ea</strong></span> <span class='ocrx_word' id='word_1_49' title='bbox 1201 1000 1484 1067; x_wconf 86' lang='lat' dir='ltr'><strong>carmina</strong></span> <span class='ocrx_word' id='word_1_50' title='bbox 1512 1001 1830 1084; x_wconf 82' lang='lat' dir='ltr'><strong>leguntur,</strong></span> <span class='ocrx_word' id='word_1_51' title='bbox 1874 1023 2032 1086; x_wconf 90' lang='lat' dir='ltr'><strong>quae</strong></span> <span class='ocrx_word' id='word_1_52' title='bbox 2061 1000 2393 1088; x_wconf 73' lang='lat' dir='ltr'><strong>Hagenius</strong></span> 
     </span>
     <span class='ocr_line' id='line_1_8' title="bbox 185 1099 2392 1168; baseline 0.001 -5"><span class='ocrx_word' id='word_1_53' title='bbox 185 1122 336 1164; x_wconf 87' lang='lat' dir='ltr'><strong>una</strong></span> <span class='ocrx_word' id='word_1_54' title='bbox 380 1122 522 1164; x_wconf 90' lang='lat' dir='ltr'><strong>cum</strong></span> <span class='ocrx_word' id='word_1_55' title='bbox 564 1099 1023 1168; x_wconf 90' lang='lat' dir='ltr'><strong>Parisiensibus</strong></span> <span class='ocrx_word' id='word_1_56' title='bbox 1064 1101 1262 1166; x_wconf 87' lang='lat' dir='ltr'><strong>edidit</strong></span> <span class='ocrx_word' id='word_1_57' title='bbox 1318 1105 1383 1166; x_wconf 88' lang='lat' dir='ltr'><strong>et</strong></span> <span class='ocrx_word' id='word_1_58' title='bbox 1440 1100 1750 1166; x_wconf 70' lang='lat' dir='ltr'><strong>asteriscis</strong></span> <span class='ocrx_word' id='word_1_59' title='bbox 1798 1102 2066 1167; x_wconf 83' lang='lat' dir='ltr'><strong>notavit.</strong></span> <span class='ocrx_word' id='word_1_60' title='bbox 2158 1101 2392 1167; x_wconf 84' lang='lat' dir='ltr'><strong>Editor·</strong></span> 
     </span>
     <span class='ocr_line' id='line_1_9' title="bbox 188 1198 2390 1286; baseline 0.001 -23"><span class='ocrx_word' id='word_1_61' title='bbox 188 1199 341 1284; x_wconf 87' lang='lat' dir='ltr'><strong>ipse</strong></span> <span class='ocrx_word' id='word_1_62' title='bbox 396 1198 508 1264; x_wconf 89' lang='lat' dir='ltr'><strong>has</strong></span> <span class='ocrx_word' id='word_1_63' title='bbox 558 1200 848 1286; x_wconf 90' lang='lat' dir='ltr'><strong>strophas</strong></span> <span class='ocrx_word' id='word_1_64' title='bbox 900 1202 1146 1286; x_wconf 89' lang='lat' dir='ltr'><strong>spurias</strong></span> <span class='ocrx_word' id='word_1_65' title='bbox 1206 1223 1334 1266; x_wconf 86' lang='lat' dir='ltr'><strong>esse</strong></span> <span class='ocrx_word' id='word_1_66' title='bbox 1400 1201 1750 1266; x_wconf 73' lang='lat' dir='ltr'><strong>arbitratus</strong></span> <span class='ocrx_word' id='word_1_67' title='bbox 1811 1207 1929 1266; x_wconf 86' lang='lat' dir='ltr'><strong>est:</strong></span> <span class='ocrx_word' id='word_1_68' title='bbox 1994 1224 2184 1286; x_wconf 89' lang='lat' dir='ltr'><strong>quam</strong></span> <span class='ocrx_word' id='word_1_69' title='bbox 2245 1223 2390 1266; x_wconf 80' lang='lat' dir='ltr'><strong>rem</strong></span> 
     </span>
     <span class='ocr_line' id='line_1_10' title="bbox 188 1300 2387 1386; baseline 0 -22"><span class='ocrx_word' id='word_1_70' title='bbox 188 1300 465 1385; x_wconf 76' lang='lat' dir='ltr'><strong>premit,</strong></span> <span class='ocrx_word' id='word_1_71' title='bbox 508 1305 894 1367; x_wconf 75' lang='lat' dir='ltr'><strong>structuram</strong></span> <span class='ocrx_word' id='word_1_72' title='bbox 936 1300 1182 1386; x_wconf 75' lang='lat' dir='ltr'><strong>rythmi</strong></span> <span class='ocrx_word' id='word_1_73' title='bbox 1224 1303 1540 1370; x_wconf 86' lang='lat' dir='ltr'><strong>mutatam</strong></span> <span class='ocrx_word' id='word_1_74' title='bbox 1582 1323 1727 1378; x_wconf 82' lang='lat' dir='ltr'><strong>esse,</strong></span> <span class='ocrx_word' id='word_1_75' title='bbox 1771 1322 1912 1364; x_wconf 88' lang='lat' dir='ltr'><strong>cum</strong></span> <span class='ocrx_word' id='word_1_76' title='bbox 1955 1300 2075 1367; x_wconf 89' lang='lat' dir='ltr'><strong>hae</strong></span> <span class='ocrx_word' id='word_1_77' title='bbox 2117 1301 2387 1366; x_wconf 85' lang='lat' dir='ltr'><strong>coniun-</strong></span> 
     </span>
     <span class='ocr_line' id='line_1_11' title="bbox 188 1399 2380 1486; baseline -0.001 -22"><span class='ocrx_word' id='word_1_78' title='bbox 188 1405 371 1484; x_wconf 83' lang='lat' dir='ltr'><strong>gant</strong></span> <span class='ocrx_word' id='word_1_79' title='bbox 431 1404 497 1465; x_wconf 89' lang='lat' dir='ltr'><strong>et</strong></span> <span class='ocrx_word' id='word_1_80' title='bbox 557 1403 799 1485; x_wconf 79' lang='lat' dir='ltr'><strong>priores</strong></span> <span class='ocrx_word' id='word_1_81' title='bbox 867 1405 933 1467; x_wconf 88' lang='lat' dir='ltr'><strong>et</strong></span> <span class='ocrx_word' id='word_1_82' title='bbox 992 1400 1324 1466; x_wconf 72' lang='lat' dir='ltr'><strong>ulteriores</strong></span> <span class='ocrx_word' id='word_1_83' title='bbox 1384 1405 1600 1486; x_wconf 89' lang='lat' dir='ltr'><strong>partes</strong></span> <span class='ocrx_word' id='word_1_84' title='bbox 1662 1421 1950 1464; x_wconf 84' lang='lat' dir='ltr'><strong>versuum</strong></span> <span class='ocrx_word' id='word_1_85' title='bbox 2013 1399 2380 1465; x_wconf 91' lang='lat' dir='ltr'><strong>ultimorum</strong></span> 
     </span>
     <span class='ocr_line' id='line_1_12' title="bbox 190 1499 2380 1586; baseline -0.001 -22"><span class='ocrx_word' id='word_1_86' title='bbox 190 1503 621 1582; x_wconf 77' lang='lat' dir='ltr'><strong>systematum</strong></span> <span class='ocrx_word' id='word_1_87' title='bbox 662 1501 1144 1586; x_wconf 88' lang='lat' dir='ltr'><strong>praemissorum</strong></span> <span class='ocrx_word' id='word_1_88' title='bbox 1180 1500 1474 1565; x_wconf 81' lang='lat' dir='ltr'><strong>clausulis</strong></span> <span class='ocrx_word' id='word_1_89' title='bbox 1510 1499 1838 1578; x_wconf 81' lang='lat' dir='ltr'><strong>similibus,</strong></span> <span class='ocrx_word' id='word_1_90' title='bbox 1883 1499 2048 1563; x_wconf 88' lang='lat' dir='ltr'><strong>aliae</strong></span> <span class='ocrx_word' id='word_1_91' title='bbox 2073 1499 2380 1584; x_wconf 75' lang='lat' dir='ltr'><strong>posterio—</strong></span> 
     </span>
     <span class='ocr_line' id='line_1_13' title="bbox 194 1597 2379 1683; baseline 0 -21"><span class='ocrx_word' id='word_1_92' title='bbox 194 1621 308 1662; x_wconf 90' lang='lat' dir='ltr'><strong>res</strong></span> <span class='ocrx_word' id='word_1_93' title='bbox 352 1601 624 1676; x_wconf 81' lang='lat' dir='ltr'><strong>tantum‚</strong></span> <span class='ocrx_word' id='word_1_94' title='bbox 671 1636 749 1646; x_wconf 90' lang='lat'><em>-</em></span> <span class='ocrx_word' id='word_1_95' title='bbox 796 1598 861 1663; x_wconf 91' lang='lat' dir='ltr'><strong>id</strong></span> <span class='ocrx_word' id='word_1_96' title='bbox 902 1603 1072 1666; x_wconf 87' lang='lat' dir='ltr'><strong>recte</strong></span> <span class='ocrx_word' id='word_1_97' title='bbox 1114 1598 1364 1683; x_wconf 88' lang='lat' dir='ltr'><strong>quidem</strong></span> <span class='ocrx_word' id='word_1_98' title='bbox 1405 1597 1645 1665; x_wconf 87' lang='lat' dir='ltr'><strong>dictum</strong></span> <span class='ocrx_word' id='word_1_99' title='bbox 1685 1601 1798 1677; x_wconf 82' lang='lat' dir='ltr'><strong>est,</strong></span> <span class='ocrx_word' id='word_1_100' title='bbox 1841 1619 1968 1662; x_wconf 92' lang='lat' dir='ltr'><strong>non</strong></span> <span class='ocrx_word' id='word_1_101' title='bbox 2009 1603 2225 1664; x_wconf 87' lang='lat' dir='ltr'><strong>tamen</strong></span> <span class='ocrx_word' id='word_1_102' title='bbox 2265 1619 2379 1683; x_wconf 89' lang='lat' dir='ltr'><strong>per</strong></span> 
     </span>
    </p>
   </div>
   <div class='ocr_carea' id='block_1_4' title="bbox 190 1696 2498 1786">
    <p class='ocr_par' dir='ltr' id='par_1_4' title="bbox 190 1696 2498 1786">
     <span class='ocr_line' id='line_1_14' title="bbox 190 1696 2498 1786; baseline 0 -24"><span class='ocrx_word' id='word_1_103' title='bbox 190 1719 267 1762; x_wconf 87' lang='lat' dir='ltr'><strong>se</strong></span> <span class='ocrx_word' id='word_1_104' title='bbox 311 1697 740 1764; x_wconf 87' lang='lat' dir='ltr'><strong>demonstrare</strong></span> <span class='ocrx_word' id='word_1_105' title='bbox 782 1703 1007 1786; x_wconf 74' lang='lat' dir='ltr'><strong>potest,</strong></span> <span class='ocrx_word' id='word_1_106' title='bbox 1051 1700 1335 1766; x_wconf 88' lang='lat' dir='ltr'><strong>carmina</strong></span> <span class='ocrx_word' id='word_1_107' title='bbox 1375 1699 1493 1764; x_wconf 91' lang='lat' dir='ltr'><strong>illa</strong></span> <span class='ocrx_word' id='word_1_108' title='bbox 1537 1721 1577 1763; x_wconf 89' lang='lat' dir='ltr'><strong>a</strong></span> <span class='ocrx_word' id='word_1_109' title='bbox 1602 1696 1900 1770; x_wconf 86' lang='lat' dir='ltr'><strong>Marnero</strong></span> <span class='ocrx_word' id='word_1_110' title='bbox 1941 1719 2066 1761; x_wconf 91' lang='grc'>11011</span> <span class='ocrx_word' id='word_1_111' title='bbox 2093 1697 2376 1782; x_wconf 82' lang='lat' dir='ltr'><strong>profecta</strong></span> <span class='ocrx_word' id='word_1_112' title='bbox 2488 1719 2498 1730; x_wconf 94' lang='lat'>·</span> 
     </span>
    </p>
   </div>
   <div class='ocr_carea' id='block_1_5' title="bbox 195 1797 2378 4073">
    <p class='ocr_par' dir='ltr' id='par_1_5' title="bbox 195 1797 2378 3383">
     <span class='ocr_line' id='line_1_15' title="bbox 200 1797 2376 1886; baseline 0.001 -26"><span class='ocrx_word' id='word_1_113' title='bbox 200 1818 359 1873; x_wconf 86' lang='lat' dir='ltr'><strong>esse,</strong></span> <span class='ocrx_word' id='word_1_114' title='bbox 390 1819 531 1862; x_wconf 89' lang='lat' dir='ltr'><strong>cum</strong></span> <span class='ocrx_word' id='word_1_115' title='bbox 559 1820 1010 1883; x_wconf 88' lang='lat' dir='ltr'><strong>nonnunquam</strong></span> <span class='ocrx_word' id='word_1_116' title='bbox 1039 1805 1260 1886; x_wconf 88' lang='lat' dir='ltr'><strong>poetae</strong></span> <span class='ocrx_word' id='word_1_117' title='bbox 1289 1798 1411 1884; x_wconf 92' lang='lat' dir='ltr'><strong>ipsi</strong></span> <span class='ocrx_word' id='word_1_118' title='bbox 1438 1797 1779 1885; x_wconf 86' lang='lat' dir='ltr'><strong>paullatim</strong></span> <span class='ocrx_word' id='word_1_119' title='bbox 1807 1798 2074 1861; x_wconf 88' lang='lat' dir='ltr'><strong>formam</strong></span> <span class='ocrx_word' id='word_1_120' title='bbox 2099 1797 2376 1882; x_wconf 88' lang='lat' dir='ltr'><strong>priorem</strong></span> 
     </span>
     <span class='ocr_line' id='line_1_16' title="bbox 201 1894 2373 1981; baseline 0 -20"><span class='ocrx_word' id='word_1_121' title='bbox 201 1897 459 1981; x_wconf 75' lang='lat' dir='ltr'><strong>rythmi</strong></span> <span class='ocrx_word' id='word_1_122' title='bbox 515 1899 853 1964; x_wconf 86' lang='lat' dir='ltr'><strong>cuiuslibet</strong></span> <span class='ocrx_word' id='word_1_123' title='bbox 913 1904 1180 1965; x_wconf 88' lang='lat' dir='ltr'><strong>mutent.</strong></span> <span class='ocrx_word' id='word_1_124' title='bbox 1288 1899 1405 1965; x_wconf 85' lang='lat' dir='ltr'><strong>Sed</strong></span> <span class='ocrx_word' id='word_1_125' title='bbox 1469 1900 1539 1967; x_wconf 90' lang='grc'><strong>111</strong></span> <span class='ocrx_word' id='word_1_126' title='bbox 1602 1899 1703 1964; x_wconf 82' lang='lat' dir='ltr'><strong>his</strong></span> <span class='ocrx_word' id='word_1_127' title='bbox 1765 1896 2148 1965; x_wconf 81' lang='lat' dir='ltr'><strong>carminibus</strong></span> <span class='ocrx_word' id='word_1_128' title='bbox 2209 1894 2373 1980; x_wconf 84' lang='lat' dir='ltr'><strong>(XV.</strong></span> 
     </span>
     <span class='ocr_line' id='line_1_17' title="bbox 200 1987 2376 2082; baseline 0.001 -24"><span class='ocrx_word' id='word_1_129' title='bbox 200 1996 484 2078; x_wconf 82' lang='lat'>25—36)</span> <span class='ocrx_word' id='word_1_130' title='bbox 530 1987 687 2060; x_wconf 83' lang='lat' dir='ltr'><strong>haec</strong></span> <span class='ocrx_word' id='word_1_131' title='bbox 727 2018 825 2062; x_wconf 84' lang='lat' dir='ltr'><strong>res</strong></span> <span class='ocrx_word' id='word_1_132' title='bbox 866 2019 940 2062; x_wconf 88' lang='lat' dir='ltr'><strong>ea</strong></span> <span class='ocrx_word' id='word_1_133' title='bbox 982 1996 1056 2062; x_wconf 91' lang='lat' dir='ltr'><strong>de</strong></span> <span class='ocrx_word' id='word_1_134' title='bbox 1098 2019 1283 2064; x_wconf 88' lang='lat' dir='ltr'><strong>causa</strong></span> <span class='ocrx_word' id='word_1_135' title='bbox 1324 1997 1638 2082; x_wconf 84' lang='lat' dir='ltr'><strong>gravioris</strong></span> <span class='ocrx_word' id='word_1_136' title='bbox 1678 1995 1983 2061; x_wconf 87' lang='lat' dir='ltr'><strong>momenti</strong></span> <span class='ocrx_word' id='word_1_137' title='bbox 2034 1999 2146 2076; x_wconf 86' lang='lat' dir='ltr'><strong>est,</strong></span> <span class='ocrx_word' id='word_1_138' title='bbox 2213 1996 2376 2080; x_wconf 88' lang='lat' dir='ltr'><strong>quod</strong></span> 
     </span>
     <span class='ocr_line' id='line_1_18' title="bbox 195 2093 2376 2184; baseline 0 -24"><span class='ocrx_word' id='word_1_139' title='bbox 195 2093 363 2161; x_wconf 87' lang='lat' dir='ltr'><strong>haec</strong></span> <span class='ocrx_word' id='word_1_140' title='bbox 404 2094 572 2160; x_wconf 89' lang='lat' dir='ltr'><strong>haud</strong></span> <span class='ocrx_word' id='word_1_141' title='bbox 613 2095 799 2161; x_wconf 91' lang='lat' dir='ltr'><strong>dubie</strong></span> <span class='ocrx_word' id='word_1_142' title='bbox 842 2119 881 2161; x_wconf 89' lang='lat' dir='ltr'><strong>a</strong></span> <span class='ocrx_word' id='word_1_143' title='bbox 930 2100 1117 2184; x_wconf 89' lang='lat' dir='ltr'><strong>poeta</strong></span> <span class='ocrx_word' id='word_1_144' title='bbox 1169 2097 1533 2184; x_wconf 84' lang='lat' dir='ltr'><strong>posterioris</strong></span> <span class='ocrx_word' id='word_1_145' title='bbox 1597 2097 1825 2165; x_wconf 86' lang='lat' dir='ltr'><strong>aetatis</strong></span> <span class='ocrx_word' id='word_1_146' title='bbox 1888 2097 2211 2162; x_wconf 88' lang='lat' dir='ltr'><strong>imitatore</strong></span> <span class='ocrx_word' id='word_1_147' title='bbox 2265 2095 2376 2160; x_wconf 88' lang='lat' dir='ltr'><strong>ad-</strong></span> 
     </span>
     <span class='ocr_line' id='line_1_19' title="bbox 200 2193 2378 2280; baseline 0.001 -24"><span class='ocrx_word' id='word_1_148' title='bbox 200 2193 425 2256; x_wconf 88' lang='lat' dir='ltr'><strong>iuncta</strong></span> <span class='ocrx_word' id='word_1_149' title='bbox 466 2199 613 2257; x_wconf 90' lang='lat' dir='ltr'><strong>sunt</strong></span> <span class='ocrx_word' id='word_1_150' title='bbox 669 2193 749 2258; x_wconf 88' lang='lat' dir='ltr'><strong>ad</strong></span> <span class='ocrx_word' id='word_1_151' title='bbox 802 2194 1129 2280; x_wconf 89' lang='lat' dir='ltr'><strong>stropham</strong></span> <span class='ocrx_word' id='word_1_152' title='bbox 1182 2194 1541 2259; x_wconf 74' lang='lat' dir='ltr'><strong>vicesimam</strong></span> <span class='ocrx_word' id='word_1_153' title='bbox 1604 2201 1900 2278; x_wconf 85' lang='lat' dir='ltr'><strong>quartam</strong></span> <span class='ocrx_word' id='word_1_154' title='bbox 1962 2217 2248 2260; x_wconf 89' lang='lat' dir='ltr'><strong>numeros</strong></span> <span class='ocrx_word' id='word_1_155' title='bbox 2311 2199 2378 2258; x_wconf 90' lang='lat' dir='ltr'><strong>et</strong></span> 
     </span>
     <span class='ocr_line' id='line_1_20' title="bbox 199 2291 2374 2379; baseline 0 -22"><span class='ocrx_word' id='word_1_156' title='bbox 199 2297 582 2360; x_wconf 74' lang='lat' dir='ltr'><strong>structuri-m</strong></span> <span class='ocrx_word' id='word_1_157' title='bbox 624 2300 841 2360; x_wconf 84' lang='lat' dir='ltr'><strong>vetera</strong></span> <span class='ocrx_word' id='word_1_158' title='bbox 881 2297 1253 2360; x_wconf 81' lang='lat' dir='ltr'><strong>servantem.</strong></span> <span class='ocrx_word' id='word_1_159' title='bbox 1337 2293 1510 2358; x_wconf 87' lang='lat' dir='ltr'><strong>Haec</strong></span> <span class='ocrx_word' id='word_1_160' title='bbox 1551 2294 1720 2367; x_wconf 88' lang='lat' dir='ltr'><strong>enim</strong></span> <span class='ocrx_word' id='word_1_161' title='bbox 1750 2294 1888 2379; x_wconf 85' lang='lat' dir='ltr'><strong>agit</strong></span> <span class='ocrx_word' id='word_1_162' title='bbox 1915 2291 1990 2357; x_wconf 90' lang='lat' dir='ltr'><strong>de</strong></span> <span class='ocrx_word' id='word_1_163' title='bbox 2020 2293 2084 2358; x_wconf 87' lang='lat' dir='ltr'><strong>vi</strong></span> <span class='ocrx_word' id='word_1_164' title='bbox 2113 2293 2374 2369; x_wconf 88' lang='lat' dir='ltr'><strong>amoris;</strong></span> 
     </span>
     <span class='ocr_line' id='line_1_21' title="bbox 201 2392 2371 2482; baseline -0.001 -23"><span class='ocrx_word' id='word_1_165' title='bbox 201 2417 335 2459; x_wconf 89' lang='grc'>11011</span> <span class='ocrx_word' id='word_1_166' title='bbox 377 2400 588 2459; x_wconf 87' lang='lat' dir='ltr'><strong>autem</strong></span> <span class='ocrx_word' id='word_1_167' title='bbox 631 2395 705 2460; x_wconf 89' lang='lat' dir='ltr'><strong>de</strong></span> <span class='ocrx_word' id='word_1_168' title='bbox 749 2396 877 2460; x_wconf 90' lang='lat' dir='ltr'><strong>alio</strong></span> <span class='ocrx_word' id='word_1_169' title='bbox 918 2395 1161 2481; x_wconf 80' lang='lat' dir='ltr'><strong>cogitat</strong></span> <span class='ocrx_word' id='word_1_170' title='bbox 1201 2397 1391 2482; x_wconf 83' lang='lat' dir='ltr'><strong>poeta</strong></span> <span class='ocrx_word' id='word_1_171' title='bbox 1428 2394 1554 2460; x_wconf 89' lang='lat' dir='ltr'><strong>nisi</strong></span> <span class='ocrx_word' id='word_1_172' title='bbox 1581 2392 1655 2458; x_wconf 90' lang='lat' dir='ltr'><strong>de</strong></span> <span class='ocrx_word' id='word_1_173' title='bbox 1686 2394 1960 2459; x_wconf 86' lang='lat' dir='ltr'><strong>humano</strong></span> <span class='ocrx_word' id='word_1_174' title='bbox 1989 2392 2371 2468; x_wconf 86' lang='lat' dir='ltr'><strong>amantium;</strong></span> 
     </span>
     <span class='ocr_line' id='line_1_22' title="bbox 204 2493 2374 2580; baseline -0 -21"><span class='ocrx_word' id='word_1_175' title='bbox 204 2494 315 2559; x_wconf 90' lang='lat' dir='ltr'><strong>sed</strong></span> <span class='ocrx_word' id='word_1_176' title='bbox 355 2493 471 2559; x_wconf 90' lang='lat' dir='ltr'><strong>hoc</strong></span> <span class='ocrx_word' id='word_1_177' title='bbox 513 2493 609 2560; x_wconf 88' lang='lat' dir='ltr'><strong>ita</strong></span> <span class='ocrx_word' id='word_1_178' title='bbox 661 2494 1094 2580; x_wconf 88' lang='lat' dir='ltr'><strong>amplificatur</strong></span> <span class='ocrx_word' id='word_1_179' title='bbox 1157 2494 1227 2559; x_wconf 89' lang='lat' dir='ltr'><strong>in</strong></span> <span class='ocrx_word' id='word_1_180' title='bbox 1289 2493 1673 2561; x_wconf 83' lang='lat' dir='ltr'><strong>carminibus</strong></span> <span class='ocrx_word' id='word_1_181' title='bbox 1735 2493 2039 2579; x_wconf 87' lang='lat' dir='ltr'><strong>proximis</strong></span> <span class='ocrx_word' id='word_1_182' title='bbox 2103 2494 2374 2558; x_wconf 90' lang='lat' dir='ltr'><strong>alteram</strong></span> 
     </span>
     <span class='ocr_line' id='line_1_23' title="bbox 204 2591 2368 2679; baseline -0.001 -22"><span class='ocrx_word' id='word_1_183' title='bbox 204 2594 475 2658; x_wconf 86' lang='lat' dir='ltr'><strong>formam</strong></span> <span class='ocrx_word' id='word_1_184' title='bbox 516 2595 761 2675; x_wconf 82' lang='lat' dir='ltr'><strong>secutis,</strong></span> <span class='ocrx_word' id='word_1_185' title='bbox 804 2600 878 2660; x_wconf 91' lang='lat' dir='ltr'><strong>ut</strong></span> <span class='ocrx_word' id='word_1_186' title='bbox 919 2617 1097 2661; x_wconf 87' lang='lat' dir='ltr'><strong>amor</strong></span> <span class='ocrx_word' id='word_1_187' title='bbox 1136 2593 1385 2660; x_wconf 83' lang='lat' dir='ltr'><strong>divinus</strong></span> <span class='ocrx_word' id='word_1_188' title='bbox 1414 2597 1859 2679; x_wconf 85' lang='lat' dir='ltr'><strong>argumentum</strong></span> <span class='ocrx_word' id='word_1_189' title='bbox 1886 2593 1972 2658; x_wconf 87' lang='lat' dir='ltr'><strong>sit</strong></span> <span class='ocrx_word' id='word_1_190' title='bbox 1999 2591 2368 2671; x_wconf 88' lang='lat' dir='ltr'><strong>carminum,</strong></span> 
     </span>
     <span class='ocr_line' id='line_1_24' title="bbox 208 2692 2370 2782; baseline -0 -25"><span class='ocrx_word' id='word_1_191' title='bbox 208 2694 653 2779; x_wconf 83' lang='lat' dir='ltr'><strong>arrogavitque</strong></span> <span class='ocrx_word' id='word_1_192' title='bbox 681 2696 803 2760; x_wconf 89' lang='lat' dir='ltr'><strong>sibi</strong></span> <span class='ocrx_word' id='word_1_193' title='bbox 832 2698 1024 2763; x_wconf 84' lang='lat' dir='ltr'><strong>verba</strong></span> <span class='ocrx_word' id='word_1_194' title='bbox 1052 2697 1262 2782; x_wconf 90' lang='lat' dir='ltr'><strong>prima</strong></span> <span class='ocrx_word' id='word_1_195' title='bbox 1282 2695 1578 2780; x_wconf 85' lang='lat' dir='ltr'><strong>strophae</strong></span> <span class='ocrx_word' id='word_1_196' title='bbox 1600 2692 2042 2759; x_wconf 87' lang='lat' dir='ltr'><strong>Marnerianae</strong></span> <span class='ocrx_word' id='word_1_197' title='bbox 2064 2693 2370 2769; x_wconf 84' lang='lat' dir='ltr'><strong>imitator,</strong></span> 
     </span>
     <span class='ocr_line' id='line_1_25' title="bbox 206 2791 2374 2880; baseline -0 -23"><span class='ocrx_word' id='word_1_198' title='bbox 206 2800 281 2859; x_wconf 88' lang='lat' dir='ltr'><strong>ut</strong></span> <span class='ocrx_word' id='word_1_199' title='bbox 321 2799 637 2880; x_wconf 87' lang='lat' dir='ltr'><strong>repeteret</strong></span> <span class='ocrx_word' id='word_1_200' title='bbox 677 2819 752 2862; x_wconf 88' lang='lat' dir='ltr'><strong>ea</strong></span> <span class='ocrx_word' id='word_1_201' title='bbox 794 2796 982 2862; x_wconf 93' lang='lat' dir='ltr'><strong>initio</strong></span> <span class='ocrx_word' id='word_1_202' title='bbox 1023 2796 1503 2879; x_wconf 88' lang='lat' dir='ltr'><strong>uniuscuiusque</strong></span> <span class='ocrx_word' id='word_1_203' title='bbox 1543 2792 1859 2859; x_wconf 87' lang='lat' dir='ltr'><strong>carminis.</strong></span> <span class='ocrx_word' id='word_1_204' title='bbox 1925 2830 2004 2840; x_wconf 92' lang='lat'>—</span> <span class='ocrx_word' id='word_1_205' title='bbox 2068 2791 2240 2870; x_wconf 81' lang='lat' dir='ltr'><strong>Quod</strong></span> <span class='ocrx_word' id='word_1_206' title='bbox 2294 2792 2374 2857; x_wconf 92' lang='lat' dir='ltr'><strong>ad</strong></span> 
     </span>
     <span class='ocr_line' id='line_1_26' title="bbox 207 2890 2371 2979; baseline -0 -24"><span class='ocrx_word' id='word_1_207' title='bbox 207 2914 305 2957; x_wconf 85' lang='lat' dir='ltr'><strong>res</strong></span> <span class='ocrx_word' id='word_1_208' title='bbox 366 2894 658 2957; x_wconf 90' lang='lat' dir='ltr'><strong>metricas</strong></span> <span class='ocrx_word' id='word_1_209' title='bbox 720 2898 787 2958; x_wconf 90' lang='lat' dir='ltr'><strong>et</strong></span> <span class='ocrx_word' id='word_1_210' title='bbox 848 2915 1045 2979; x_wconf 86' lang='lat' dir='ltr'><strong>genus</strong></span> <span class='ocrx_word' id='word_1_211' title='bbox 1104 2893 1352 2958; x_wconf 87' lang='lat' dir='ltr'><strong>dicendi</strong></span> <span class='ocrx_word' id='word_1_212' title='bbox 1410 2891 1664 2970; x_wconf 84' lang='lat' dir='ltr'><strong>attinet,</strong></span> <span class='ocrx_word' id='word_1_213' title='bbox 1733 2890 2056 2958; x_wconf 81' lang='lat' dir='ltr'><strong>offendunt</strong></span> <span class='ocrx_word' id='word_1_214' title='bbox 2120 2891 2371 2977; x_wconf 90' lang='lat' dir='ltr'><strong>quidem</strong></span> 
     </span>
     <span class='ocr_line' id='line_1_27' title="bbox 206 2990 2372 3078; baseline -0.001 -23"><span class='ocrx_word' id='word_1_215' title='bbox 206 2992 512 3057; x_wconf 88' lang='lat' dir='ltr'><strong>nonnulla</strong></span> <span class='ocrx_word' id='word_1_216' title='bbox 552 2994 761 3058; x_wconf 88' lang='lat' dir='ltr'><strong>minus</strong></span> <span class='ocrx_word' id='word_1_217' title='bbox 803 2998 1091 3059; x_wconf 88' lang='lat' dir='ltr'><strong>accurate</strong></span> <span class='ocrx_word' id='word_1_218' title='bbox 1141 2993 1406 3078; x_wconf 81' lang='lat' dir='ltr'><strong>scripta:</strong></span> <span class='ocrx_word' id='word_1_219' title='bbox 1468 3010 1703 3075; x_wconf 88' lang='lat' dir='ltr'><strong>magna</strong></span> <span class='ocrx_word' id='word_1_220' title='bbox 1766 3013 1907 3056; x_wconf 85' lang='lat' dir='ltr'><strong>cum</strong></span> <span class='ocrx_word' id='word_1_221' title='bbox 1968 2990 2372 3077; x_wconf 85' lang='lat' dir='ltr'><strong>neglegentia</strong></span> 
     </span>
     <span class='ocr_line' id='line_1_28' title="bbox 210 3089 2370 3181; baseline -0.003 -22"><span class='ocrx_word' id='word_1_222' title='bbox 210 3093 434 3177; x_wconf 84' lang='lat' dir='ltr'><strong>longae</strong></span> <span class='ocrx_word' id='word_1_223' title='bbox 476 3096 716 3158; x_wconf 79' lang='lat' dir='ltr'><strong>vocales</strong></span> <span class='ocrx_word' id='word_1_224' title='bbox 769 3117 886 3180; x_wconf 87' lang='lat' dir='ltr'><strong>pro</strong></span> <span class='ocrx_word' id='word_1_225' title='bbox 934 3095 1227 3181; x_wconf 77' lang='lat' dir='ltr'><strong>brevibus</strong></span> <span class='ocrx_word' id='word_1_226' title='bbox 1278 3094 1660 3158; x_wconf 86' lang='lat' dir='ltr'><strong>adhibentur</strong></span> <span class='ocrx_word' id='word_1_227' title='bbox 1724 3096 1790 3157; x_wconf 88' lang='lat' dir='ltr'><strong>et</strong></span> <span class='ocrx_word' id='word_1_228' title='bbox 1852 3092 1987 3156; x_wconf 84' lang='lat' dir='ltr'><strong>vice</strong></span> <span class='ocrx_word' id='word_1_229' title='bbox 2049 3112 2226 3156; x_wconf 82' lang='lat' dir='ltr'><strong>versa</strong></span> <span class='ocrx_word' id='word_1_230' title='bbox 2291 3089 2370 3154; x_wconf 90' lang='lat' dir='ltr'><strong>ad</strong></span> 
     </span>
     <span class='ocr_line' id='line_1_29' title="bbox 206 3190 2371 3265; baseline -0.001 -10"><span class='ocrx_word' id='word_1_231' title='bbox 206 3191 515 3255; x_wconf 86' lang='lat' dir='ltr'><strong>clausulas</strong></span> <span class='ocrx_word' id='word_1_232' title='bbox 556 3191 790 3256; x_wconf 89' lang='lat' dir='ltr'><strong>similes</strong></span> <span class='ocrx_word' id='word_1_233' title='bbox 832 3214 1119 3257; x_wconf 87' lang='lat' dir='ltr'><strong>versuum</strong></span> <span class='ocrx_word' id='word_1_234' title='bbox 1161 3191 1537 3265; x_wconf 85' lang='lat' dir='ltr'><strong>efficiendas.</strong></span> <span class='ocrx_word' id='word_1_235' title='bbox 1623 3190 1741 3256; x_wconf 86' lang='lat' dir='ltr'><strong>Sed</strong></span> <span class='ocrx_word' id='word_1_236' title='bbox 1784 3190 1901 3256; x_wconf 90' lang='lat' dir='ltr'><strong>hoc</strong></span> <span class='ocrx_word' id='word_1_237' title='bbox 1936 3212 2061 3255; x_wconf 90' lang='lat' dir='ltr'><strong>non</strong></span> <span class='ocrx_word' id='word_1_238' title='bbox 2091 3190 2371 3255; x_wconf 90' lang='lat' dir='ltr'><strong>alienum</strong></span> 
     </span>
     <span class='ocr_line' id='line_1_30' title="bbox 206 3287 1774 3383; baseline 0.003 -31"><span class='ocrx_word' id='word_1_239' title='bbox 206 3310 332 3353; x_wconf 66' lang='lat' dir='ltr'><strong>eme</strong></span> <span class='ocrx_word' id='word_1_240' title='bbox 374 3310 414 3352; x_wconf 89' lang='lat' dir='ltr'><strong>a</strong></span> <span class='ocrx_word' id='word_1_241' title='bbox 453 3287 739 3354; x_wconf 87' lang='lat' dir='ltr'><strong>Marneri</strong></span> <span class='ocrx_word' id='word_1_242' title='bbox 780 3294 919 3355; x_wconf 88' lang='lat' dir='ltr'><strong>arte</strong></span> <span class='ocrx_word' id='word_1_243' title='bbox 963 3291 1229 3355; x_wconf 85' lang='lat' dir='ltr'><strong>metrica</strong></span> <span class='ocrx_word' id='word_1_244' title='bbox 1268 3314 1459 3383; x_wconf 84' lang='lat' dir='ltr'><strong>supra</strong></span> <span class='ocrx_word' id='word_1_245' title='bbox 1501 3292 1774 3377; x_wconf 87' lang='lat' dir='ltr'><strong>exposui.</strong></span> 
     </span>
    </p>

    <p class='ocr_par' dir='ltr' id='par_1_6' title="bbox 206 3382 2375 3973">
     <span class='ocr_line' id='line_1_31' title="bbox 405 3382 2371 3477; baseline -0.002 -25"><span class='ocrx_word' id='word_1_246' title='bbox 405 3387 576 3453; x_wconf 87' lang='lat' dir='ltr'><strong>Idem</strong></span> <span class='ocrx_word' id='word_1_247' title='bbox 618 3390 749 3454; x_wconf 89' lang='lat' dir='ltr'><strong>fere</strong></span> <span class='ocrx_word' id='word_1_248' title='bbox 800 3388 1127 3454; x_wconf 87' lang='lat' dir='ltr'><strong>dicendum</strong></span> <span class='ocrx_word' id='word_1_249' title='bbox 1183 3396 1277 3455; x_wconf 90' lang='lat' dir='ltr'><strong>est</strong></span> <span class='ocrx_word' id='word_1_250' title='bbox 1330 3390 1405 3455; x_wconf 90' lang='lat' dir='ltr'><strong>de</strong></span> <span class='ocrx_word' id='word_1_251' title='bbox 1465 3382 1743 3477; x_wconf 86' lang='lat' dir='ltr'><strong>strophis</strong></span> <span class='ocrx_word' id='word_1_252' title='bbox 1805 3390 2046 3455; x_wconf 83' lang='lat'>37-41</span> <span class='ocrx_word' id='word_1_253' title='bbox 2113 3386 2371 3452; x_wconf 89' lang='lat' dir='ltr'><strong>eandem</strong></span> 
     </span>
     <span class='ocr_line' id='line_1_32' title="bbox 207 3488 2370 3577; baseline -0.001 -25"><span class='ocrx_word' id='word_1_254' title='bbox 207 3490 593 3553; x_wconf 78' lang='lat' dir='ltr'><strong>structuram</strong></span> <span class='ocrx_word' id='word_1_255' title='bbox 634 3492 948 3553; x_wconf 90' lang='lat' dir='ltr'><strong>mutatam</strong></span> <span class='ocrx_word' id='word_1_256' title='bbox 991 3490 1411 3555; x_wconf 85' lang='lat' dir='ltr'><strong>offerentibus.</strong></span> <span class='ocrx_word' id='word_1_257' title='bbox 1483 3492 1657 3557; x_wconf 90' lang='lat' dir='ltr'><strong>Haec</strong></span> <span class='ocrx_word' id='word_1_258' title='bbox 1685 3512 1926 3577; x_wconf 89' lang='lat' dir='ltr'><strong>quoque</strong></span> <span class='ocrx_word' id='word_1_259' title='bbox 1953 3488 2167 3574; x_wconf 82' lang='lat' dir='ltr'><strong>spu-ria</strong></span> <span class='ocrx_word' id='word_1_260' title='bbox 2192 3489 2370 3559; x_wconf 78' lang='lat' dir='ltr'><strong>sunt3</strong></span> 
     </span>
     <span class='ocr_line' id='line_1_33' title="bbox 206 3582 2373 3676; baseline 0.001 -27"><span class='ocrx_word' id='word_1_261' title='bbox 206 3591 405 3671; x_wconf 86' lang='lat' dir='ltr'><strong>agunt</strong></span> <span class='ocrx_word' id='word_1_262' title='bbox 445 3585 520 3651; x_wconf 90' lang='lat' dir='ltr'><strong>de</strong></span> <span class='ocrx_word' id='word_1_263' title='bbox 560 3587 714 3664; x_wconf 82' lang='lat' dir='ltr'><strong>Eva,</strong></span> <span class='ocrx_word' id='word_1_264' title='bbox 759 3609 918 3672; x_wconf 88' lang='lat' dir='ltr'><strong>quae</strong></span> <span class='ocrx_word' id='word_1_265' title='bbox 959 3611 1074 3674; x_wconf 87' lang='lat' dir='ltr'><strong>per</strong></span> <span class='ocrx_word' id='word_1_266' title='bbox 1116 3596 1373 3676; x_wconf 89' lang='lat' dir='ltr'><strong>peccata</strong></span> <span class='ocrx_word' id='word_1_267' title='bbox 1400 3614 1511 3656; x_wconf 90' lang='lat' dir='ltr'><strong>sua</strong></span> <span class='ocrx_word' id='word_1_268' title='bbox 1540 3591 1607 3654; x_wconf 93' lang='lat' dir='ltr'><strong>id</strong></span> <span class='ocrx_word' id='word_1_269' title='bbox 1632 3591 1811 3655; x_wconf 89' lang='lat' dir='ltr'><strong>nobis</strong></span> <span class='ocrx_word' id='word_1_270' title='bbox 1841 3586 2167 3674; x_wconf 81' lang='lat' dir='ltr'><strong>eripuerit,</strong></span> <span class='ocrx_word' id='word_1_271' title='bbox 2210 3582 2373 3669; x_wconf 87' lang='lat' dir='ltr'><strong>quod</strong></span> 
     </span>
     <span class='ocr_line' id='line_1_34' title="bbox 208 3684 2372 3776; baseline -0.002 -25"><span class='ocrx_word' id='word_1_272' title='bbox 208 3708 324 3773; x_wconf 84' lang='lat' dir='ltr'><strong>per</strong></span> <span class='ocrx_word' id='word_1_273' title='bbox 366 3687 584 3765; x_wconf 85' lang='lat' dir='ltr'><strong>„Ave“</strong></span> <span class='ocrx_word' id='word_1_274' title='bbox 624 3688 829 3753; x_wconf 88' lang='lat' dir='ltr'><strong>denuo</strong></span> <span class='ocrx_word' id='word_1_275' title='bbox 886 3690 1065 3755; x_wconf 88' lang='lat' dir='ltr'><strong>nobis</strong></span> <span class='ocrx_word' id='word_1_276' title='bbox 1127 3691 1480 3775; x_wconf 90' lang='lat' dir='ltr'><strong>parandum</strong></span> <span class='ocrx_word' id='word_1_277' title='bbox 1544 3691 1654 3769; x_wconf 86' lang='lat' dir='ltr'><strong>sit,</strong></span> <span class='ocrx_word' id='word_1_278' title='bbox 1718 3712 1970 3776; x_wconf 88' lang='lat' dir='ltr'><strong>prorsus</strong></span> <span class='ocrx_word' id='word_1_279' title='bbox 2032 3684 2372 3771; x_wconf 88' lang='lat' dir='ltr'><strong>composita</strong></span> 
     </span>
     <span class='ocr_line' id='line_1_35' title="bbox 218 3782 2375 3873; baseline -0.002 -24"><span class='ocrx_word' id='word_1_280' title='bbox 218 3786 469 3850; x_wconf 91' lang='lat' dir='ltr'><strong>illorum</strong></span> <span class='ocrx_word' id='word_1_281' title='bbox 510 3786 863 3851; x_wconf 87' lang='lat' dir='ltr'><strong>carminum</strong></span> <span class='ocrx_word' id='word_1_282' title='bbox 905 3786 1127 3866; x_wconf 81' lang='lat' dir='ltr'><strong>instar,</strong></span> <span class='ocrx_word' id='word_1_283' title='bbox 1194 3810 1351 3872; x_wconf 90' lang='lat' dir='ltr'><strong>quae</strong></span> <span class='ocrx_word' id='word_1_284' title='bbox 1416 3789 1547 3853; x_wconf 89' lang='lat' dir='ltr'><strong>eius</strong></span> <span class='ocrx_word' id='word_1_285' title='bbox 1596 3790 1844 3873; x_wconf 88' lang='lat' dir='ltr'><strong>generis</strong></span> <span class='ocrx_word' id='word_1_286' title='bbox 1885 3782 2375 3853; x_wconf 88' lang='lat' dir='ltr'><strong>innumerabilia</strong></span> 
     </span>
     <span class='ocr_line' id='line_1_36' title="bbox 207 3885 2022 3973; baseline 0 -22"><span class='ocrx_word' id='word_1_287' title='bbox 207 3908 251 3951; x_wconf 89' lang='lat' dir='ltr'><strong>a</strong></span> <span class='ocrx_word' id='word_1_288' title='bbox 289 3885 488 3971; x_wconf 85' lang='lat' dir='ltr'><strong>poetis</strong></span> <span class='ocrx_word' id='word_1_289' title='bbox 528 3886 1003 3971; x_wconf 86' lang='lat' dir='ltr'><strong>magistralibus</strong></span> <span class='ocrx_word' id='word_1_290' title='bbox 1042 3888 1399 3973; x_wconf 87' lang='lat' dir='ltr'><strong>conscripta</strong></span> <span class='ocrx_word' id='word_1_291' title='bbox 1440 3889 1620 3953; x_wconf 90' lang='lat' dir='ltr'><strong>nobis</strong></span> <span class='ocrx_word' id='word_1_292' title='bbox 1662 3888 2022 3953; x_wconf 87' lang='lat' dir='ltr'><strong>traduntur.</strong></span> 
     </span>
    </p>

    <p class='ocr_par' dir='ltr' id='par_1_7' title="bbox 399 3982 2372 4073">
     <span class='ocr_line' id='line_1_37' title="bbox 399 3982 2372 4073; baseline -0.004 -22"><span class='ocrx_word' id='word_1_293' title='bbox 399 3985 573 4063; x_wconf 87' lang='lat' dir='ltr'><strong>Quae</strong></span> <span class='ocrx_word' id='word_1_294' title='bbox 614 3992 945 4072; x_wconf 85' lang='lat' dir='ltr'><strong>praeterea</strong></span> <span class='ocrx_word' id='word_1_295' title='bbox 988 3987 1179 4053; x_wconf 88' lang='lat' dir='ltr'><strong>habet</strong></span> <span class='ocrx_word' id='word_1_296' title='bbox 1221 3987 1768 4073; x_wconf 84' lang='lat' dir='ltr'><strong>Heidelbergensis</strong></span> <span class='ocrx_word' id='word_1_297' title='bbox 1809 3992 2085 4054; x_wconf 84' lang='lat' dir='ltr'><strong>veterem</strong></span> <span class='ocrx_word' id='word_1_298' title='bbox 2123 3982 2372 4069; x_wconf 91' lang='lat' dir='ltr'><strong>quidem</strong></span> 
     </span>
    </p>
   </div>
   <div class='ocr_carea' id='block_1_6' title="bbox 209 4086 2370 4240">
    <p class='ocr_par' dir='ltr' id='par_1_8' title="bbox 209 4086 2370 4240">
     <span class='ocr_line' id='line_1_38' title="bbox 209 4086 2370 4173; baseline -0.003 -20"><span class='ocrx_word' id='word_1_299' title='bbox 209 4087 471 4153; x_wconf 71' lang='lat' dir='ltr'><strong>formam</strong></span> <span class='ocrx_word' id='word_1_300' title='bbox 548 4088 913 4165; x_wconf 85' lang='lat' dir='ltr'><strong>ostendunt;</strong></span> <span class='ocrx_word' id='word_1_301' title='bbox 999 4093 1284 4155; x_wconf 88' lang='lat' dir='ltr'><strong>attamen</strong></span> <span class='ocrx_word' id='word_1_302' title='bbox 1348 4089 1524 4155; x_wconf 82' lang='lat' dir='ltr'><strong>vitiis</strong></span> <span class='ocrx_word' id='word_1_303' title='bbox 1593 4088 1989 4173; x_wconf 84' lang='lat' dir='ltr'><strong>gravioribus</strong></span> <span class='ocrx_word' id='word_1_304' title='bbox 2059 4086 2370 4163; x_wconf 86' lang='lat' dir='ltr'><strong>laborant,</strong></span> 
     </span>
     <span class='ocr_line' id='line_1_39' title="bbox 1975 4186 2080 4240; baseline -0.01 0"><span class='ocrx_word' id='word_1_305' title='bbox 1975 4186 2034 4240; x_wconf 85' lang='lat'><strong>11</strong></span> <span class='ocrx_word' id='word_1_306' title='bbox 2049 4187 2080 4220; x_wconf 85' lang='grc'><strong><em>*</em></strong></span> 
     </span>
    </p>
   </div>
  </div>
 </body>
</html>
