3035 4726
1625 338 1751 403 '78

946 536 951 539 “
1008 522 1073 590 Ο.
1119 521 1241 588 den
1284 522 1458 587 kann
1501 520 1608 585 ich
1651 522 1720 589 in
1763 543 2092 607 genennen
2136 526 2274 589 wol.

792 644 850 688 v.
895 624 953 687 4.
999 623 1068 688 P.
1113 623 1395 708 schepfet
1435 629 1616 687 wort.
2303 626 2310 631 ’

1008 722 1073 788 C.
1116 722 1399 807 schepfet
1436 724 1626 813 mort.

794 844 849 887 τ.
897 820 952 887 7.
1001 822 1068 887 Ρ.
1114 842 1232 905 gar
1273 820 1487 907 giftig.

1008 922 1073 987 O.
1120 920 1471 1007 vergipftig
1512 926 1580 985 et
1620 943 1782 1005 quse
1821 942 1867 988 s.

792 1040 849 1085 v.
899 1023 993 1086 15.
1038 1019 1236 1087 mvit
1264 1021 1520 1086 vluchte
1549 1021 1638 1084 im
1665 1025 1784 1085 unt
1811 1020 2044 1088 derzuo
2069 1020 2282 1086 manic
2309 1024 2492 1087 wiser
2517 1045 2686 1087 man.
2739 1021 2819 1089 P.

1042 1119 1147 1185 des
1190 1120 1412 1185 hazzet
1473 1120 1544 1186 in
1595 1121 1711 1186 her
1747 1118 1996 1187 ἱΒὲὶενὶϋ·
2033 1121 2198 1185 unde
2252 1122 2413 1187 euch
2465 1124 2560 1188 vil
2601 1124 2824 1187 munic

1217 1243 1386 1287 man.
1433 1221 1498 1286 O.

823 1318 991 1395 Quas
1032 1318 1385 1404 scripturae
1425 1318 1826 1385 diversitates
1853 1317 1966 1401 qui
1991 1317 2485 1384 consideraverit
2511 1320 2628 1397 has
2657 1320 2823 1385 duas

626 1438 725 1481 res
766 1422 1128 1500 cognoscet:
1180 1416 1465 1484 carmina
1506 1416 1794 1503 priorum
1839 1422 2173 1500 poetarum
2215 1422 2362 1483 cum
2391 1420 2820 1503 speciminum

627 1517 833 1582 instar
894 1512 1097 1583 denuo
1157 1514 1639 1583 conscriberent
1687 1522 1753 1581 et
1816 1520 2176 1581 tractarent
2235 1520 2636 1604 magistrales
2701 1521 2818 1604 qui

628 1617 949 1697 dicuntur,
993 1618 1369 1685 recensuisse
1397 1642 1499 1697 ecs
1527 1624 1594 1683 et
1634 1619 1988 1685 emendasse
2029 1644 2107 1685 ex
2133 1642 2282 1686 suae
2311 1606 2541 1685 aetatis
2570 1620 2816 1685 doctri-

626 1716 725 1781 nis
764 1716 1081 1793 metricis3
1123 1740 1158 1781 e
1200 1717 1427 1801 quibus
1467 1738 1613 1781 cum
1654 1740 1866 1783 versus
1905 1724 2262 1784 structurae
2288 1719 2649 1785 trochaicae
2677 1742 2816 1784 non

627 1820 991 1904 probarent,
1035 1816 1350 1905 imprimis
1393 1817 1460 1882 id
1501 1840 1603 1883 eos
1643 1818 1966 1895 studuisse,
2011 1824 2086 1883 ut
2128 1820 2465 1885 auacrusiu
2510 1819 2819 1887 adderent

628 1923 917 1987 omnibus
959 1922 1255 1999 versibus,
1301 1920 1588 2006 quamvis
1627 1920 1804 2005 prius
1847 1942 1921 1984 ea
1963 1920 2300 1985 destitutis.
2362 1911 2366 1915 ⁴

824 2018 1035 2086 Porro·
1066 2024 1279 2083 autem
1319 2021 1510 2104 plane
1553 2018 1722 2084 nihil
1764 2020 2042 2085 videmus
2104 2041 2204 2085 eos
2269 2019 2334 2083 id
2391 2040 2634 2083 curasse
2659 2067 2674 2096 ,
2739 2026 2817 2083 ut

626 2117 731 2203 pie
773 2123 839 2183 et
882 2125 1171 2185 accurate
1236 2120 1429 2184 verba
1479 2124 1703 2203 poetae
1759 2126 2082 2191 seroarent
2097 2168 2112 2199 ,
2177 2120 2282 2185 sed
2341 2120 2689 2203 corrupisse
2731 2120 2816 2185 sd

629 2218 973 2284 arbitrium
1014 2240 1195 2283 suum
1236 2223 1483 2283 textum
1525 2224 1904 2305 poematum.

826 2316 1051 2402 Itaque
1096 2316 1201 2383 hic
1242 2338 1483 2402 quoque
1529 2322 1815 2403 apparet,
1861 2338 1996 2383 rem
2045 2339 2172 2384 esse
2215 2307 2692 2398 difficillimam,
2755 2319 2815 2384 si

628 2419 769 2504 quis
810 2419 989 2485 edere
1032 2420 1182 2496 volt,
1227 2419 1514 2484 carmina
1556 2421 1796 2484 erotica
1838 2420 1940 2485 vel
1981 2420 2276 2504 gnomica
2320 2421 2636 2504 imprimis
2663 2443 2816 2505 poe-

626 2525 842 2586 tarum
882 2519 1321 2606 posteriorum,
1364 2519 1699 2586 restituere
1741 2517 1988 2584 textum
2031 2538 2099 2584 re
2142 2540 2293 2583 vera
2333 2543 2370 2583 a
2397 2524 2586 2603 poeta
2613 2520 2816 2604 scripss

629 2625 782 2686 tum.
878 2621 935 2687 E
990 2619 1417 2686 Marneria‘nis
1478 2639 1640 2704 quae
1691 2616 1990 2708 ‘continet'
2029 2618 2427 2696 Parisicnsis,
2496 2618 2576 2683 ad
2637 2618 2817 2683 illius

627 2740 916 2784 normam
958 2717 1314 2793 scribemus,
1361 2737 1744 2801 quamquam
1786 2716 1982 2782 etiam
2033 2716 2140 2782 hic
2195 2724 2551 2802 accuratius
2593 2719 2816 2802 exqui-

627 2816 890 2881 rendum
933 2820 1045 2894 est,
1092 2820 1396 2899 quantam
1440 2815 1888 2881 auctoritatem
1941 2817 2045 2881 illi
2095 2817 2262 2881 libro
2304 2817 2658 2882 attribuere
2701 2817 2811 2882 de·-

626 2918 883 2981 beamus
924 2921 989 2982 et
1032 2936 1413 3000 quamquam
1455 2917 1635 2980 nullo
1675 2916 1858 2981 modo
1898 2938 2044 2981 eum
2085 2939 2310 2982 vacare
2351 2917 2529 2984 vitiis
2570 2923 2637 2982 et
2674 2941 2814 2983 cor-

626 3018 897 3100 ruptelis
960 3017 1260 3082 vidimus:
1333 3017 1428 3082 sin
1494 3039 1644 3081 vero
1706 3039 1784 3081 ex
1847 3017 1975 3082 alio
2027 3019 2234 3083 codice
2299 3041 2336 3082 a.
2398 3017 2815 3102 scriptoribus

626 3117 1103 3200 magistralibus
1146 3117 1427 3203 profecto
1469 3117 1780 3181 nonnulla
1832 3116 2018 3181 huius
2073 3122 2296 3202 poetae
2353 3117 2608 3181 nomine
2663 3119 2812 3181 sub-

559 3252 563 3259 ·
626 3216 866 3300 scripta
909 3215 1163 3292 edimUS,
1210 3219 1321 3280 n'os
1362 3216 1664 3299 praebere
1693 3214 1863 3280 nihil
1891 3215 2069 3280 aliud
2096 3238 2269 3300 posse
2297 3237 2448 3280 sane
2477 3215 2814 3281 dicendum

626 3321 752 3393 est,
782 3317 907 3382 nisi
949 3317 1279 3402 rythmum
1320 3321 1387 3380 et
1427 3315 1887 3380 sententiarum
1931 3337 2280 3380 connexum
2321 3319 2562 3401 poetae,
2618 3317 2814 3380 verba

629 3437 709 3478 au
718 3421 841 3478 tem
884 3423 949 3481 et
990 3437 1281 3480 versuum
1322 3419 1710 3481 structuram
1752 3437 2006 3499 prorsus
2048 3421 2297 3480 mutata
2339 3436 2482 3479 esse.

1521 3745 1918 3758 fi———n——ss
