3035 4726
885 730 983 797 Ia.
1074 731 1385 796 Lam-‘4
1965 728 2068 794 Ib.
2155 730 2296 797 aa

791 1820 846 1902 1,
888 1824 949 1891 4.
1020 1825 1568 1903 ‚‚i'1bersehoenet“.
1633 1826 2045 1911 compositum
2065 1846 2192 1890 non
2213 1848 2396 1911 saepe
2421 1826 2778 1906 inventum,

603 1922 709 1989 sed
729 1929 1043 1991 annotant
1068 1925 1354 1992 thesauri
1382 1927 1683 1993 editores:
1712 1927 1886 1992 Tfirl.
1910 1924 2088 1991 Wlh.
2120 1928 2219 1991 32.
2241 1928 2302 1991 b.
2333 1926 2445 1993 der
2467 1926 2782 1993 schoende

596 2023 698 2089 die
739 2025 1037 2091 bluomen
1063 2027 1530 2094 iibersehoenet.
1577 2064 1658 2075 —-
1699 2026 1831 2093 MS.
1862 2028 1918 2092 2.
1951 2028 2090 2091 233.
2123 2048 2179 2092 a.
2209 2026 2294 2091 dii
2319 2027 2774 2091 iibersehoenes

598 2123 745 2189 dort
784 2125 887 2191 die
928 2125 1194 2192 himmel
1234 2148 1369 2212 gar.
1415 2164 1497 2176 —
1539 2126 1762 2194 Heinr.
1806 2152 1864 2195 v·
1894 2127 2216 2213 Freiberg.
2244 2125 2438 2192 Trist.
2484 2126 2665 2198 3929..
2711 2124 2776 2191 ir

592 2224 821 2290 echone
862 2224 987 2289 mit
1027 2224 1393 2292 schoenheit
1432 2226 1849 2293 iibersehoent
1903 2247 2025 2311 gar
2076 2226 2238 2292 aller
2287 2227 2485 2291 wiber
2523 2223 2774 2291 schone-

794 2327 889 2393 12.
974 2325 1248 2394 schillet.
1320 2326 1376 2394 E
1403 2326 1783 2414 trepidandi,
1810 2326 2079 2394 saliendi
2105 2324 2365 2392 notione
2387 2323 2777 2410 significatio

588 2425 855 2492 sonandi
896 2425 1122 2507 oritur,
1191 2451 1353 2514 quae
1412 2430 1548 2495 sola
1609 2433 1788 2494 extat
1841 2427 2009 2514 apud
2051 2431 2336 2494 auctores
2375 2423 2570 2492 medii
2612 2424 2772 2503 aevi,

589 2549 732 2594 oum
793 2527 973 2614 prior
1032 2529 1103 2594 in
1163 2529 1524 2616 eompositis
1585 2525 1968 2604 inveniatur.
2055 2527 2134 2594 ef.
2198 2525 2476 2591 Gramm.
2534 2525 2598 2588 2.
2656 2526 2774 2599 323

591 2626 787 2694 Graff.
832 2629 890 2695 6.
934 2631 1074 2696 255.
1160 2629 1283 2697 Sed
1334 2629 1491 2694 haee
1549 2627 1630 2694 ad
1682 2627 2064 2694 sententiam
2105 2625 2225 2690 hoe
2267 2625 2404 2690 loeo
2445 2645 2572 2688 non
2617 2629 2775 2708 apta

593 2731 707 2792 est.
792 2727 981 2794 Haud
1006 2727 1206 2792 -dubie
1247 2749 1459 2792 versus
1499 2730 1832 2813 corruptus
1872 2729 1994 2800 est;
2039 2724 2118 2790 ad
2158 2744 2448 2788 numeros
2489 2743 2774 2806 aequan-

596 2827 705 2892 dos
746 2827 908 2892 duae
948 2827 1233 2912 syllabae
1274 2827 1515 2894 desunt.
1598 2827 1994 2912 >Quamquam
2035 2824 2224 2890 iaeile
2264 2843 2412 2888 voee
2453 2820 2775 2906 bisyllaba

592 2923 835 2990 inserta
872 2925 952 3009 {et
1004 2943 1121 3010 pro
1170 2925 1362 2990 verbo
1410 2924 1689 3010 simplici
1727 2923 2074 3010 eomposito
2111 2922 2350 3008 scripto
2387 2919 2774 2987 sententiam

594 3022 909 3108 aptiorem
948 3041 1361 3108 numerosque
1402 3028 1606 3088 reetos
1647 3023 1904 3090 reddere
1942 3043 2288 3108 possumus,
2341 3020 2512 3086 nihil
2553 3025 2774 3086 tamen

603 3121 825 3186 valent
865 3118 946 3185 ad
986 3119 1176 3186 crisin
1214 3121 1409 3186 verba
1436 3119 1534 3186 ita
1558 3142 1594 3185 e
1619 3142 1800 3186 mera
1823 3121 2184 3188 coniectura
2228 3124 2480 3186 mutata
2519 3118 2776 3186 indiciis

596 3219 787 3285 certis
848 3241 976 3284 non
1036 3219 1289 3286 defensa
1350 3219 1611 3304 ideoque
1667 3219 1788 3285 tali
1835 3220 2096 3304 negotio
2156 3220 2284 3286 levi
2301 3268 2318 3299 ,
2385 3219 2493 3286 sed
2547 3218 2774 3284 inutili

596 3321 976 3406 supersedeo.

786 3419 1031 3486 Maiore
1072 3441 1215 3488 eum
1256 3417 1487 3488 fiducia
1526 3440 1776 3488 versum
1817 3425 2111 3490 octavum
2160 3420 2462 3506 strophae
2503 3421 2771 3488 alterius

590 3518 921 3584 emendare
964 3539 1149 3584 ausus
1186 3517 1327 3598 sim,
1382 3519 1618 3605 quippe
1669 3520 1740 3586 in
1779 3542 1904 3605 quo
1943 3520 2276 3607 perspicua
2315 3520 2454 3586 veri
2493 3521 2771 3606 vestigia

591 3616 793 3681 adhue
834 3621 1306 3700 cognoscantur.
1391 3615 1606 3682 Verba
1648 3615 1892 3682 tradita
1929 3624 2104 3685 sunt:
2147 3619 2264 3686 daz
2291 3641 2369 3686 er
2392 3641 2512 3686 uns
2537 3621 2769 3686 erloste

587 3738 711 3780 von
752 3714 989 3781 si'mden
1029 3716 1237 3780 zallen
1272 3718 1501 3782 ziten“.
1547 3736 1733 3800 quem
1780 3737 2028 3782 vernum
2053 3717 2411 3784 elaudieare
2439 3715 2768 3804 Hagenius

588 3837 717 3880 non
759 3815 1021 3901 ignarus
1058 3815 1374 3898 syllabam
1438 3821 1591 3895 „ex-‘⁶
1653 3815 1724 3880 in
1787 3817 2098 3894 ‚,erloste“
2153 3816 2420 3896 delevit,
2484 3818 2768 3884 numeris

588 3915 951 3982 neeessariis
992 3915 1190 3982 etiam
1230 3915 1321 3982 sie
1361 3937 1491 3984 non
1531 3915 1864 3984 restitutis.
1935 3916 2264 4002 Scripsisse
2299 3921 2554 4002 poetam
2580 3922 2764 4004 puto:

981 4015 1098 4082 daz
1141 4038 1211 4082 er
1250 4037 1367 4082 uns
1405 4015 1637 4084 ,siinder
1678 4017 1835 4082 leste
1875 4017 2084 4084 zallen
2126 4018 2316 4088 siten-

787 4112 1025 4190 Quibus
1064 4113 1273 4180 verbis
1314 4135 1457 4178 eum
1498 4113 1906 4200 neglegentia
1945 4115 2244 4200 perlectis
2295 4114 2506 4180 scriba
2554 4114 2765 4180 neseio

586 4211 725 4297 quis
767 4212 923 4292 „daz
964 4236 1036 4280 er
1074 4237 1193 4281 uns
1234 4215 1503 4280 erloste“
1545 4213 1737 4280 dedit.
1824 4213 1979 4282 oum
2030 4215 2128 4302 ita
2167 4235 2414 4280 versum
2453 4223 2584 4280 una
2625 4213 2756 4280 arsi

1642 348 1722 411 66
2952 0 3005 1596 N

588 552 780 615 „sage
826 536 948 599 an“
991 532 1061 603 in
1102 554 1158 596 v.
1208 531 1305 595 18.
1358 530 1602 614 primae
1658 529 1954 615 strophae
2007 538 2235 615 „sage“
2275 488 2488 597 'scribi
2543 537 2792 618 potest.

590 630 711 704 Sed
752 632 1105 698 mutatione
1148 653 1275 697 nou
1313 652 1469 715 opus
1512 635 1622 697 est.
1709 629 2000 695 Schema:

2997 2566 3005 2870 Ξ

2996 2951 3005 3334 ἱ
