3035 4726
1672 333 1750 396 14

629 523 742 598 est,
787 541 1173 603 quamquam
1201 517 1366 581 hanc
1409 538 1544 580 rem
1587 538 1714 579 non
1755 538 1971 601 premo
1988 565 2003 593 ‚
2048 517 2389 582 exercuisse
2432 515 2826 590 Marnerum

636 617 1006 682 inimicitias
1050 617 1476 682 acerbissimas
1522 617 1591 679 in
1635 617 1789 682 alios
1824 621 2040 702 poetas
2069 619 2343 703 plebeios
2370 639 2571 702 neque
2598 616 2825 680 minus

631 718 836 801 ipsum
878 715 1419 782 vehementissime
1463 715 1534 777 in
1576 736 1676 778 eos
1720 714 1973 778 irruisse
1986 763 2000 790 ‚
2068 737 2256 797 quam
2322 713 2617 778 affectum
2679 733 2857 776 essex

631 817 1026 881 contumeliis
1091 815 1511 880 atrocissimis,
1632 814 1787 878 Cum
1850 815 2020 878 inter
2082 819 2300 898 poetas
2360 814 2608 899 plebeio
2672 815 2823 878 loco

630 923 812 981 natos
857 917 1096 981 assidue
1140 917 1492 982 certamina
1546 917 1719 980 acria
1768 916 2143 1000 flagrarent,
2212 915 2605 979 dissensionis
2671 919 2818 977 tam

631 1016 846 1099 gravis
889 1020 954 1079 et
995 1015 1510 1079 maledictionum
1554 1018 1689 1077 tam
1732 1014 2118 1078 mordacium
2172 1037 2209 1078 a
2260 1018 2447 1098 poeta
2490 1014 2820 1077 inferioris

633 1114 869 1179 ordinis
913 1115 982 1177 in
1025 1115 1267 1179 nobiles
1308 1115 1641 1178 missarum
1682 1114 1931 1176 nullum
1986 1115 2148 1177 mihi
2204 1117 2455 1198 praesto
2497 1117 2591 1177 est
2634 1113 2813 1176 aliud

633 1217 1004 1298 exemplum.
1351 1205 1364 1283 J

831 1311 933 1374 Ita
975 1333 1116 1374 cum
1159 1311 1289 1374 iam
1331 1311 1579 1394 plebeia
1616 1309 1903 1374 Marneri
1946 1312 2125 1396 origo
2152 1312 2315 1375 mihi
2344 1311 2813 1376 verisimillima

643 1415 820 1488 esset,
867 1410 1062 1474 incidi
1105 1411 1173 1472 in
1217 1410 1386 1474 hunc
1428 1413 1633 1475 locum
1684 1410 1965 1474 chronici
2016 1412 2245 1476 veteris
2295 1413 2595 1477 comitum
2638 1412 2815 1476 Cim-

632 1512 954 1576 brensium
968 1513 1042 1595 ¹):

829 1611 982 1690 „Ich
1044 1612 1174 1677 kan
1237 1610 1397 1674 ouch
1439 1611 1879 1675 sunderlichen
1928 1614 2029 1676 nit
2082 1611 2463 1695 umbgehen‚
2530 1611 2630 1674 die
2694 1633 2815 1674 zuo

633 1713 1009 1790 vermelden‚
1055 1713 1154 1775 die
1199 1731 1458 1795 vermag
1501 1710 1605 1776 des
1647 1734 1765 1796 gar
1804 1715 1979 1778 alten
2006 1713 2238 1778 buochs
2265 1711 2387 1773 mit
2413 1711 2555 1774 iren
2579 1733 2813 1773 namen

632 1834 785 1896 seyn
827 1809 1290 1895 uffgeschriben
1341 1807 1596 1872 worden
1646 1810 1819 1873 unnd
1870 1810 1971 1874 die
2022 1809 2433 1894 gedcchtnuss
2484 1811 2604 1892 bey
2669 1809 2813 1873 iren

631 1910 976 1994 getichten‚
1022 1907 1134 1970 der
1176 1905 1392 1982 heder,
1437 1903 1560 1968 den
1595 1907 2058 1981 ,nachkommen
2115 1907 2321 1972 haben
2373 1909 2657 1973 bekannt
2696 1931 2813 1993 ge-

631 2009 871 2085 macht,
919 2008 1012 2070 als
1053 2005 1360 2069 namlich:
1407 2005 1727 2088 (secuntur
1777 2007 2034 2070 nomina
2062 2013 2303 2091 septem
2331 2015 2662 2094 poetarum
2705 2033 2811 2075 co-

633 2111 864 2172 mitum
929 2111 1040 2171 aut
1105 2107 1442 2170 nobilitate
1506 2107 1847 2191 superioris
1910 2107 2147 2172 ordinis
2212 2114 2603 2187 ornatorum,
2669 2116 2811 2174 tum

638 2208 828 2272 affert
877 2207 1184 2270 nonnulla
1246 2206 1505 2270 nomina
1567 2211 1899 2290 poetarum
1962 2207 2281 2274 inferioris
2336 2210 2693 2274 nobilitatis
2744 2216 2809 2276 et

637 2309 736 2373 ita
778 2307 993 2394 pergit
1007 2309 1050 2391 z)
1110 2307 1264 2370 item
1305 2307 1569 2371 maister
1610 2307 1981 2375 Frawenlob
1999 2359 2013 2387 ‚
2078 2311 2337 2375 maister
2379 2308 2672 2388 Voltzan‚
2718 2310 2805 2377 M.
2896 2373 2900 2377 .

635 2409 897 2476 Konrad
939 2432 994 2473 v.
1041 2408 1405 2493 Wiirzburg
1422 2457 1436 2486 ‚
1502 2398 1611 2471 M!
1646 2408 1975 2495 Klingsor,
2049 2411 2224 2475 unnd
2275 2410 2361 2475 M.
2407 2409 2704 2475 Siisskind
2747 2436 2801 2476 v.

632 2508 1007 2591 'Trimberg3
1070 2506 1468 2590 desgleichen
1533 2508 1642 2571 der
1700 2508 1960 2573 Marner
1976 2558 1990 2585 ‚
2068 2508 2180 2575 der
2242 2509 2630 2593 Miietinger‚
2697 2512 2806 2575 der

636 2611 975 2693 Oettinger
990 2658 1004 2685 ‚
1071 2609 1181 2671 der
1225 2609 1645 2685 Ellentreich‚
1712 2610 1821 2673 der
1864 2610 2044 2674 Wild
2094 2634 2217 2674 von
2259 2608 2631 2688 veldkirch,
2697 2612 2805 2675 der

633 2710 841 2795 Rupft
884 2709 1003 2772 den
1045 2708 1238 2771 Man“
1283 2712 1348 2771 et
1392 2731 1551 2791 quae
1594 2714 1903 2773 secuntur.

835 2808 1106 2873 Ordinat
1168 2808 1372 2891 igitur
1433 2810 1705 2893 scriptor
1767 2814 1982 2894 poetas
2030 2810 2365 2873 secundum
2408 2808 2799 2893 dignitatem,

635 2914 736 2975 ita
777 2914 852 2973 ut
879 2908 1257 2993 praemittat
1285 2910 1703 2975 nobilissimos
1732 2914 1797 2975 et
1824 2911 2090 2985 nobiles;
2133 2914 2428 2973 secuntur
2458 2909 2581 2973 viri
2606 2910 2803 2974 nobili

640 3016 777 3078 loco
821 3032 948 3074 non
989 3009 1156 3085 nati,
1211 3012 1320 3092 qui
1361 3011 1657 3095 magistri
1707 3013 1901 3075 titulo
1956 3011 2169 3075 ornati
2220 3012 2393 3082 sunt3
2457 3010 2799 3085 succedunt,

632 3113 750 3195 qui
811 3111 932 3173 hoc
992 3108 1228 3172 honore
1293 3115 1510 3175 carent
1574 3116 1763 3194 atque
1826 3134 2037 3175 omncs
2100 3108 2179 3173 ad
2240 3130 2433 3170 unum
2488 3109 2804 3192 popularis

631 3208 906 3293 originis
947 3210 1096 3269 sunt
1110 3206 1184 3290 ²).
1273 3206 1375 3271 Ita
1419 3208 1787 3273 Marnerum
1828 3210 1947 3273 hoc
1996 3211 2131 3273 loco
2173 3208 2443 3291 scriptor
2484 3209 2801 3292 populari-

639 3314 754 3375 bus
798 3309 1210 3373 adnumerare
1256 3308 1531 3382 videtum
1595 3309 1661 3371 id
1722 3309 1885 3391 quod
1946 3310 2136 3374 codex
2185 3306 2507 3371 Parisinus
2568 3330 2803 3392 quoque

633 3408 816 3483 facit,
861 3403 971 3487 qui
1015 3402 1227 3465 eodem
1270 3404 1450 3468 modo
1491 3410 1709 3489 poetas
1750 3408 2085 3472 secundum
2128 3406 2508 3489 dignitatem
2536 3407 2806 3492 disponit*

641 3512 709 3571 et
750 3500 1072 3568 nobilibus
1114 3501 1484 3564 vocabulum
1528 3502 1762 3579 „herr“
1804 3505 2182 3587 praemittit.
2272 3504 2459 3570 Caret
2502 3510 2709 3570 autem
2736 3530 2803 3571 eo

640 3606 974 3669 Marnerus
1001 3599 1069 3661 et
1090 3596 1258 3661 inter
1279 3604 1495 3682 poetas
1524 3600 1855 3685 dispositus
1882 3608 1977 3667 est
2003 3603 2174 3667 haud
2201 3605 2387 3669 dubie
2406 3606 2799 3691 populares³).

841 3722 878 3789 ι)
947 3721 1182 3777 Chronik
1225 3716 1320 3769 der
1359 3710 1510 3769 ‘alten
1556 3716 1951 3770 schwabischen
1984 3718 2264 3773 Frciherrn
2308 3720 2419 3773 und
2464 3720 2665 3774 Grafen
2706 3740 2805 3777 von

641 3803 903 3867 Zimbern,
936 3804 998 3857 H.
1033 3803 1122 3857 IV.
1158 3802 1272 3855 884.

840 3887 880 3954 ²)
948 3887 1016 3940 cf.
1053 3885 1121 3939 de
1154 3884 1236 3937 his
1270 3882 1411 3946 viriS,
1447 3884 1581 3935 alias
1615 3900 1737 3936 raro
1770 3884 2084 3948 nominatim
2131 3903 2268 3952 quae
2314 3888 2593 3941 annotavit
2637 3889 2807 3959 Hage—

622 3968 759 4032 ,nius
793 3968 881 4023 IV.
915 3988 969 4037 p.
1003 3970 1102 4022 883
1120 3971 1172 4021 b.

841 4052 881 4119 ⁸)
916 4054 948 4105 J
950 4070 1039 4105 am
1055 4053 1210 4106 video
1226 4054 1420 4105 testem
1443 4066 1500 4103 sc
1522 4052 1781 4119 praebere
1804 4051 2274 4119 locupletissimum
2293 4052 2538 4105 Carolum
2560 4054 2805 4107 Bartsch-

641 4135 767 4199 ium,
811 4137 901 4202 qui
938 4136 995 4189 in
1034 4135 1344 4203 anthologia
1368 4152 1463 4186 sua
1484 4134 1789 4186 Marnerum
1812 4134 2085 4201 popularis
2110 4134 2329 4202 originis
2352 4134 2521 4188 virum
2546 4138 2804 4204 appellat3

643 4217 737 4269 scd
771 4221 1088 4284 argumenta
1123 4218 1192 4271 ad
1226 4218 1546 4269 sententiam
1581 4234 1730 4268 suam
1764 4216 2082 4269 firmandam
2115 4219 2259 4271 nulla
2292 4218 2486 4271 attulit.
