3035 4726
1703 355 1782 419 76

663 536 867 603 textui
909 536 1246 603 insertum:
1311 536 1415 602 sed
1471 536 1786 603 claudicat
1842 560 2048 612 versus
2091 544 2372 603 extrema
2415 561 2585 625 pars,
2651 562 2840 625 quam

661 630 986 719 Hageuius
1048 636 1351 699 vocabulo
1416 634 1658 711 „doch⁶⁶
1731 641 1874 719 post
1947 636 2294 727 relativum·
2363 638 2559 715 „der⁶⁶
2631 640 2846 706 addito

658 755 883 799 sanare
924 734 1313 818 temptavit.)
1398 734 1523 799 Res
1563 732 1902 799 diiudicari
1942 758 2069 801 non
2110 742 2318 820 potest
2359 738 2428 802 in
2457 740 2846 805 carminibus

664 832 760 907 13,
804 830 915 895 ubi
958 830 1107 895 huie
1148 830 1355 897 versui
1395 852 1507 916 pes
1547 830 1735 909 deest,
1793 830 1960 897 idem
2001 832 2073 897 in
2115 856 2306 901 carm.
2351 835 2474 901 XV
2513 862 2582 903 es
2622 837 2844 919 XV11;

658 932 908 1014 syllaba
966 952 1097 995 una
1152 930 1323 997 deest
1385 931 1455 995 in
1496 953 1582 996 cc.
1628 929 1748 995 XX
1789 938 1856 995 et
1897 930 2084 1009 XXI,
2129 934 2235 999 sed
2287 936 2356 999 in
2412 936 2514 1001 his
2556 939 2846 1005 omnibus

661 1028 995 1095 anacrusiu
1024 1027 1232 1094 versui
1257 1033 1475 1096 nostro
1497 1027 1894 1113 praemisisse
1920 1036 2112 1115 poeta
2141 1055 2266 1099 non
2295 1034 2565 1102 videtur.
2619 1036 2844 1104 Restat

660 1148 710 1191 c.
755 1125 957 1209 XXII,
1002 1127 1127 1193 nisi
1168 1126 1273 1193 hic
1315 1129 1690 1199 vocabulum
1731 1130 1936 1206 „wob‘
1979 1130 2330 1198 tollendum
2371 1158 2500 1199 esse
2549 1142 2738 1221 putas
2777 1142 2844 1201 et

660 1231 985 1296 accentum
1028 1227 1372 1313 ancipitem
1412 1249 1540 1293 esse
1581 1226 1855 1293 dandum
1896 1228 2121 1314 primis
2163 1253 2374 1297 versus
2418 1236 2624 1299 verbis
2667 1234 2843 1318 („ich

657 1348 809 1393 sanc
848 1326 1007 1393 ench
1048 1326 1167 1394 wie
1208 1327 1373 1392 siniu
1416 1376 1433 1391 .
1480 1376 1497 1391 .
1543 1329 1588 1411 .)

855 1426 1053 1493 Porro
1115 1424 1186 1493 in
1247 1448 1428 1493 versu
1494 1427 1737 1493 decimo
1797 1428 2066 1515 septimo
2131 1428 2466 1495 anacrusin
2533 1431 2846 1499 omittunt

656 1524 941 1591 carmina
983 1524 1091 1591 XI.
1138 1524 1309 1590 XIV.
1356 1523 1495 1589 XV.
1541 1523 1712 1590 XVI.
1751 1525 1956 1591 XVII.
1996 1524 2230 1593 XVIII.
2262 1528 2404 1595 XX
2431 1530 2606 1596 XXI.
2635 1530 2842 1597 XXII.

653 1638 895 1703 xxm.
932 1641 1159 1699 mv.
1198 1648 1313 1693 nec
1353 1648 1481 1690 non
1525 1640 1693 1699 vm.
1735 1630 1802 1691 et
1841 1642 2017 1701 xlx.
2078 1650 2228 1695 nam
2291 1652 2706 1715 pronomen
2711 1638 2842 1708 ‚⁶⁶ez

654 1725 1058 1794 coniunctum
1098 1747 1241 1791 cum
1282 1724 1694 1809 praecedente
1738 1726 1986 1802 verbe,
1990 1732 2121 1803 ‚er⁶‘
2164 1724 2260 1791 ita
2301 1733 2377 1793 ut
2417 1750 2611 1793 unam
2639 1731 2841 1815 sylla·

656 1826 805 1891 bam
846 1825 1129 1891 efficiant
1168 1828 1235 1889 et
1277 1824 1611 1903 litteram,
1615 1829 1689 1901 ‚⁶e
1694 1823 2028 1907 ‘syllabae
2055 1823 2418 1911 praefixae,
2421 1835 2562 1913 ,ge·⁶
2591 1828 2662 1892 in
2690 1850 2842 1914 „-ge

652 1926 947 1990 vahsen⁶⁶
989 1947 1104 2010 per
1144 1945 1461 2008 syncopen
1498 1923 1816 1987 sublatam
1857 1945 1984 1988 non
2029 1925 2324 1990 aberrare
2367 1927 2450 1990 ab
2493 1932 2634 1991 arte
2661 1927 2841 1993 Mar-

651 2026 794 2091 neri
834 2025 1103 2093 metrica
1143 2022 1477 2089 concedere
1519 2022 1814 2088 debemus
1853 2022 2142 2109 exempla
2191 2044 2382 2109 supra
2435 2025 2638 2090 allata
2690 2050 2840 2091 con·

652 2122 967 2208 templati.
1052 2121 1131 2201 In
1172 2144 1222 2187 c.
1266 2134 1353 2193 x.
1393 2143 1505 2198 „er
1545 2120 1676 2185 kan
1717 2140 1971 2206 gewern
2017 2120 2028 2205 Ι
2073 2124 2190 2187 unt
2231 2120 2362 2191 kan
2403 2122 2518 2189 der
2556 2127 2840 2209 gernden

652 2231 851 2309 gern⁶⁶
894 2224 1169 2291 alterum
1209 2222 1421 2301 ‚‚kan⁶⁶
1465 2220 1636 2285 haud
1675 2220 1862 2285 dubie
1891 2220 2214 2289 redundat
2253 2244 2370 2286 nec
2412 2223 2622 2289 minus
2665 2226 2838 2302 „im⁶⁶

653 2324 718 2390 in
762 2347 813 2392 c.
857 2322 986 2396 VII
1030 2321 1201 2402 „und
1242 2322 1331 2390 im
1370 2324 1471 2388 siu
1514 2320 1714 2408 houpt
1755 2322 2089 2390 entruok.⁶⁶
2173 2320 2296 2386 Per
2351 2322 2520 2388 idem
2559 2324 2837 2390 studium

652 2445 1017 2488 anacruseos
1056 2421 1289 2508 ubique
1330 2419 1613 2486 versibus
1653 2419 2158 2504 praemittendae
2203 2420 2502 2506 illapsum
2555 2430 2651 2489 est
2695 2447 2837 2502 „er-

650 2522 951 2600 venden⁶⁶
992 2544 1113 2608 pro
1155 2521 1346 2591 verbo
1387 2519 1666 2605 simplici
1716 2518 1785 2584 in
1835 2541 2083 2584 versum
2133 2519 2443 2590 decimum
2493 2524 2838 2608 septimum

650 2645 701 2687 c.
744 2637 927 2708 111.;
971 2622 1066 2688 ita
1106 2626 1181 2687 ut
1222 2641 1301 2702 ex
1342 2618 1443 2684 his
1463 2618 1604 2698 *soli
1645 2623 1888 2700 restent
1912 2641 2126 2684 versus
2151 2618 2379 2684 decimi
2406 2624 2668 2706 septimi
2693 2647 2838 2690 cur·-

650 2724 895 2788 minum
943 2737 1034 2792 IX.
1076 2726 1143 2788 et
1181 2735 1343 2798 xm,
1397 2720 1511 2803 >qui
1561 2719 1696 2792 sine
1737 2720 2046 2788 violentia
2089 2722 2170 2788 ad
2212 2741 2500 2784 normam
2543 2723 2838 2789 trochae-

650 2843 833 2896 orum
874 2820 1082 2905 redigi
1120 2841 1251 2884 non
1290 2822 1567 2906 possunt.
1638 2817 1980 2885 Praeterea
2022 2819 2219 2886 etiam
2261 2821 2330 2884 in
2358 2820 2642 2885 versibus
2669 2822 2836 2888 vice-

647 2919 849 2998 simis,
916 2919 1080 2983 sicut
1134 2937 1305 2996 nunc
1358 2915 1745 3000 poriguntu‘r
1807 2915 2036 2983 codicis
2091 2917 2463 2984 Parisiensis
2515 2921 2834 3001 lectiones,

646 3019 875 3104 septies
902 3013 1221 3084 anacrusis
1260 3015 1435 3082 deest
1475 3014 1552 3095 (c.
1603 3016 1700 3091 10,
1750 3015 1847 3093 11,
1897 3016 1992 3093 12,
2042 3016 2136 3094 14,
2189 3018 2285 3096 16,
2334 3019 2458 3102 17,)
2501 3019 2572 3083 in
2601 3023 2838 3088 ceteris

646 3120 843 3193 extat,
886 3137 1068 3201 saepe
1113 3118 1329 3180 autem
1370 3112 1483 3189 ita,
1529 3117 1604 3178 ut
1629 3113 1954 3197 posterius·
1970 3112 2212 3184 inserta
2239 3117 2550 3184 videatur.
2595 3119 2835 3206 Utique

647 3217 715 3280 id
774 3219 1022 3282 constat
1083 3215 1157 3280 in
1218 3215 1534 3281 schemate
1599 3214 1776 3297 longi
1840 3215 2110 3300 rythmi·
2141 3243 2180 3284 a
2220 3218 2520 3284 Marnero
2573 3220 2834 3288 invento

646 3337 857 3386 versus
898 3318 957 3394 5,
1006 3317 1103 3392 10,
1153 3315 1249 3393 11,
1297 3313 1373 3380 17
1418 3311 1780 3380 trochaicae
1821 3319 2090 3380 naturae
2133 3316 2338 3382 fuisse.
2426 3317 2639 3392 Ceteri
2691 3343 2833 3386 ver-

647 3441 749 3486 sus
792 3418 922 3484 iam
962 3440 1001 3482 a
1044 3415 1343 3481 Marnero
1406 3415 1541 3500 ipso
1607 3414 1898 3480 anacrusi
1951 3415 2166 3482 ornati
2216 3421 2389 3493 sunt,
2449 3437 2832 3503 quamquam

648 3519 719 3582 in
761 3518 861 3584 his
904 3537 1147 3602 quoque
1188 3535 1642 3598 nonnunquam
1684 3513 2092 3581 desideretur.

844 3615 941 3682 Ex
1005 3615 1102 3680 his
1165 3614 1552 3681 carminibus
1615 3638 1654 3679 a
1716 3613 2059 3681 Parisiensi
2131 3617 2457 3702 praestitis
2517 3619 2828 3684 nonnulla

647 3718 765 3784 alii
806 3741 1051 3803 quoque
1092 3715 1331 3782 codices
1370 3718 1708 3800 praeterea
1750 3716 2036 3783 carmina
2075 3714 2478 3800 magistralia
2519 3717 2830 3802 complexi

644 3815 975 3883 continent
1028 3821 1094 3882 et
1149 3812 1605 3900 quodammodo
1667 3813 1844 3878 nobis
1907 3814 2210 3902 expediet·
2260 3815 2330 3880 in
2391 3815 2828 3900 cognoscendis

645 3917 828 3983 rebus
871 3916 1150 3982 metricis
1188 3914 1478 3980 Marneri
1519 3918 1588 3978 et
1628 3915 2048 3999 posteriorum
2110 3921 2442 4001 poetarum
2505 3916 2559 3981 si
2611 3920 2826 4002 paullo

644 4015 1257 4094 consideraverimus,
1312 4013 1618 4099 quomodo
1663 4014 1818 4080 haec
1859 4021 2154 4101 poemata
2195 4015 2534 4101 paullatim
2577 4024 2824 4083 mutata

642 4113 788 4180 sint.

808 4212 1223 4280 Colmarensis
1262 4214 1377 4281 sub
1414 4234 1678 4279 numero
1719 4215 1859 4280 471.
1891 4237 1951 4298 p.
1982 4217 2147 4282 4346
2191 4215 2383 4299 (apud
2410 4213 2810 4280 Bartschium
