3035 4726
1681 371 1760 437 84

695 577 855 640 quae
898 579 932 621 e
976 562 1209 620 natura
1250 555 1602 620 carminum
1647 579 1684 618 a
1728 553 2067 620 Parisiensi
2117 560 2516 619 servatorum
2576 551 2876 617 Marnero

697 659 1047 725 attribuere
1094 679 1220 724 non
1264 655 1573 722 debemus,

893 755 995 821 Ita
1038 755 1107 819 in
1150 778 1328 821 versu
1385 760 1613 839 quarto
1675 753 1972 820 carminis
2034 753 2228 839 primi
2291 753 2497 817 forma
2555 753 2878 837 „phlagff

693 860 891 934 extat,
937 854 1033 919 ita
1076 859 1149 918 ut
1190 852 1562 940 respondeat
1604 853 1673 918 in
1715 852 2009 918 clausulis
2052 875 2338 918 versuum
2377 854 2619 918 verbis:
2667 871 2874 935 ,‚sage‚

694 959 897 1041 trage‚
942 955 1192 1040 klage.“
1276 953 1449 1020 Haec
1503 955 1709 1020 forma
1760 953 1830 1018 in
1879 952 2068 1017 terris
2120 951 2494 1017 Germaniae
2550 949 2879 1016 inferioris

694 1055 936 1120 usitata
979 1076 1285 1140 nusquam
1326 1061 1504 1122 extat
1549 1055 1710 1122 alias
1753 1053 1918 1140 apud
1945 1051 2330 1132 Marnerum,
2376 1053 2550 1119 cuius
2587 1051 2880 1118 carmina

695 1175 946 1240 prorsus
988 1155 1235 1220 nullum
1279 1154 1584 1220 indicium
1634 1154 1943 1240 praebent
1959 1202 1974 1230 ,
2033 1153 2268 1218 formas
2317 1175 2459 1216 eum
2516 1153 2878 1217 adhibuisse

695 1254 998 1318 sermonis
1039 1251 1635 1339 septentrionalium
1677 1250 1927 1337 patriae
1970 1249 2615 1334 regionumceterum
2654 1255 2880 1314 utrum

696 1351 802 1416 hic
844 1351 1159 1438 „phlage“
1202 1349 1598 1418 scribendum
1641 1351 1727 1416 sit
1766 1372 1847 1415 an
1879 1350 2214 1436 „phlage“,
2258 1347 2324 1412 id
2365 1349 2709 1414 diiudicari
2756 1370 2880 1414 non

694 1456 923 1537 potest.
1011 1450 1243 1518 Forma
1283 1454 1541 1538 longam
1584 1452 1862 1518 vocalem
1911 1455 2238 1544 praestans
2299 1471 2482 1534 saepe
2544 1447 2880 1514 invenitur

698 1553 767 1620 in
814 1554 1014 1632 libris,
1060 1575 1325 1638 quorum
1369 1559 1653 1618 auctores
1704 1553 1785 1618 ad
1824 1574 2172 1618 sermonem
2215 1549 2590 1617 Germaniae
2648 1547 2877 1614 inferi-

703 1650 833 1716 oris
890 1651 1320 1725 inclinabant;
1385 1651 1480 1716 ita
1545 1674 1642 1737 ap.
1688 1651 1972 1716 Herbart
2029 1648 2378 1733 („Herbart
2419 1671 2475 1714 v.
2520 1645 2874 1728 Fritzlar“)

698 1750 769 1814 in
820 1749 1099 1816 carmine
1163 1749 1239 1813 de
1300 1747 1492 1815 Troia
1543 1749 1779 1836 scripto
1831 1774 1886 1815 V.
1953 1751 2114 1815 3992
2178 1751 2368 1815 verbo
2426 1753 2697 1832 „mage“
2763 1746 2880 1810 hoc

695 1850 1072 1916 vocabulum
1116 1850 1186 1914 in
1228 1872 1519 1915 versuum
1550 1851 1844 1915 clausulis
1872 1849 2232 1935 responden
2275 1846 2607 1934 respondet
2635 1847 2704 1910 in
2735 1869 2876 1911 car-

693 1950 885 2025 mine,
916 1949 1018 2013 cui
1046 1950 1475 2034 „passionale“
1506 1949 1878 2036 inscriptum
1907 1955 2000 2014 est
2030 1949 2347 2014 vocabulis
2384 1951 2620 2030 „wage‚
2664 1949 2872 2030 mage,

702 2048 931 2131 lagen“
1001 2069 1093 2133 vy.
1139 2047 1283 2123 240,
1337 2050 1448 2121 30;
1514 2049 1614 2126 69,
1675 2050 1782 2122 133
1845 2049 1986 2124 225,
2054 2048 2149 2112 38.
2235 2045 2493 2112 Pfeiffer
2552 2050 2746 2130 putat
2806 2046 2872 2108 in

707 2144 1005 2211 chronico
1046 2143 1091 2209 J
1091 2143 1423 2210 eroschimi
1466 2148 1736 2210 formam
1780 2145 2094 2231 „phlage“
2139 2145 2491 2210 adhibitam
2547 2167 2708 2219 esse;
2771 2143 2872 2209 sed

703 2244 771 2308 id
812 2244 1013 2308 statui
1055 2266 1132 2308 ex
1175 2243 1293 2309 hoc
1334 2267 1520 2331 opere
1563 2268 1691 2310 non
1731 2249 1954 2331 potest,
2000 2244 2164 2331 quod
2205 2249 2391 2329 poeta
2419 2265 2600 2330 saepe
2629 2244 2872 2308 vocales

696 2344 920 2410 breves
961 2347 1027 2409 et
1070 2344 1289 2431 longas
1332 2345 1401 2411 in
1424 2370 1718 2413 ,versuum
1745 2345 2040 2412 clausulis
2066 2345 2378 2411 similibus
2407 2344 2756 2429 coniungit.
2789 2380 2865 2391 -

698 2445 765 2510 C.
830 2444 912 2509 Π.
982 2468 1036 2509 v.
1104 2448 1160 2509 2.
1227 2446 1481 2514 tollitur
1543 2446 1774 2512 ultima
1835 2468 2176 2511 consonans
2239 2445 2417 2509 verbi
2487 2449 2734 2524 „sten“,
2797 2450 2868 2508 ut

700 2544 1076 2629 respondeat
1137 2546 1437 2611 vocabulo
1502 2553 1682 2625 ‚,me“
1745 2548 1814 2611 in
1876 2546 2157 2610 clausula
2218 2567 2430 2610 versus
2493 2545 2729 2627 quarti.
2789 2579 2865 2589 —-

699 2664 733 2706 c
774 2642 885 2707 VI.
931 2666 987 2707 v.
1038 2646 1069 2708 1
1116 2666 1133 2710 z
1180 2646 1219 2708 3
1262 2644 1689 2723 „himelhort“
1741 2652 1807 2711 et
1864 2648 2184 2725 „bewart“
2249 2646 2318 2711 in
2380 2646 2676 2711 clausulis
2725 2667 2864 2709 ver-

699 2766 877 2807 suum
920 2745 1042 2809 sibi
1085 2745 1476 2830 respondent.

897 2842 1094 2909 Porro
1152 2866 1448 2929 apocope,
1510 2845 1719 2922 elisi0,
1785 2848 2032 2911 ceterae
2095 2867 2192 2909 res
2244 2844 2548 2909 metricae
2606 2866 2734 2908 non
2777 2844 2868 2907 ita

701 2941 1027 3025 adhibitae
1090 2948 1239 3007 sunt
1253 2992 1268 3021 ,
1334 2966 1524 3027 quam
1565 2942 1933 3008 Marnerum
1986 2942 2103 3007 hoc
2155 2942 2367 3008 fecisse
2417 2965 2613 3028 supra
2655 2944 2865 3008 statui.

700 3042 793 3107 Ut
835 3046 1143 3109 nonnulla
1186 3044 1479 3110 afferam:

788 3145 840 3208 l.
883 3146 987 3236 Ι10.
1036 3146 1137 3209 ein
1178 3146 1375 3210 krone
1418 3170 1540 3211 von
1585 3147 1691 3212 im.
1740 3184 1817 3195 --
1865 3150 1919 3223 1,
1969 3148 2063 3211 11.
2113 3146 2296 3211 hilde·
2323 3140 2708 3207 bezeichnet.

786 3246 842 3308 2.
870 3266 883 3289 ³
923 3246 986 3309 6.
1033 3244 1217 3310 herae
1258 3245 1384 3310 mir
1426 3246 1506 3311 ds
1551 3296 1565 3311 .
1613 3298 1627 3312 .
1676 3297 1689 3311 .
1735 3248 1793 3325 2,
1842 3248 1938 3312 15.
1986 3248 2097 3311 diu
2139 3245 2462 3335 bekronte.

784 3347 841 3410 2.
890 3346 984 3410 19.
1031 3346 1461 3429 evangelisten
1505 3346 1566 3410 ir
1607 3348 1728 3412 seit
1771 3398 1784 3413 .
1833 3399 1847 3413 .
1895 3399 1908 3412 .
1955 3352 2070 3412 etc.

896 3442 1068 3509 Haec
1111 3442 1185 3505 de
1227 3442 1344 3507 his.
1430 3442 1638 3509 Multo
1681 3451 1892 3510 autem
1933 3445 2238 3520 maiorem
2265 3444 2491 3510 seriem
2519 3444 2868 3507 carminum

662 3543 768 3607 0in
830 3543 1105 3627 rythmis
1168 3540 1594 3609 Marnerianis
1657 3546 2142 3631 compositorum
2207 3544 2396 3609 codex
2457 3542 2870 3607 Colmarensis

702 3643 1007 3720 continet,
1054 3643 1162 3725 qui
1204 3666 1319 3726 per
1360 3646 1634 3709 multum
1675 3647 1977 3730 temporis
2020 3644 2336 3711 oblivione
2379 3645 2641 3708 obrutus
2678 3643 2871 3706 denuo

699 3739 990 3805 Basileae
1034 3745 1322 3824 repertus
1363 3746 1456 3806 est
1499 3746 1565 3806 et
1608 3766 1774 3808 nunc
1817 3744 1885 3808 in
1927 3745 2314 3810 bibliotheca
2341 3742 2708 3808 Monacensi
2748 3763 2872 3805 ser-

561 3874 574 3879 —
700 3844 905 3904 vatur.
1026 3839 1456 3905 Wickramius
1532 3843 1786 3925 quidam
1804 3892 1818 3921 ,
1897 3866 2038 3908 cum
2110 3844 2474 3909 societatem
2543 3845 2873 3925 poetarum

597 3952 618 3997 ·‘
698 3942 1168 4027 magistralium
1211 3941 1279 4005 in
1321 3942 1537 4027 patria
1577 3966 1691 4008 sua
1728 3944 1990 4009 condere
2020 3945 2231 4022 vellet,
2275 3942 2444 4005 hunc
2471 3940 2595 4005 sibi
2626 3964 2681 4004 a.
2719 3941 2872 4004 1546

700 4044 1197 4124 comparaverat,
1227 4043 1301 4103 ut
1328 4039 1613 4104 carmina
1643 4040 1906 4107 haberet
1935 4043 2171 4107 eximia
2199 4044 2514 4109 clarorum
2543 4043 2873 4125 poetarum

699 4139 1103 4221 proponenda
1163 4140 1576 4224 speciminum
1643 4141 1848 4207 instar
1903 4143 2232 4208 tironibus.
2307 4140 2592 4207 Bartsch
2655 4141 2874 4205 titulos

702 4236 813 4300 dat
854 4239 1207 4337 carminum
1258 4244 1322 4304 ct
1379 4262 1588 4305 versus
1651 4242 1888 4325 primos
1952 4244 2020 4308 in
2084 4241 2545 4331 prolegomenis
2611 4240 2873 4304 editioni

702 4334 933 4399 codicis
982 4337 1397 4403 Colmarensis
1437 4340 1810 4423 praemissis,
1912 4342 2060 4409 Post
2115 4345 2350 4408 multas
2407 4340 2679 4405 aliorum
2729 4362 2873 4423 poe-
