3035 4726
1692 371 1776 443 20

1690 711 1705 726 .
1748 661 1809 726 2.

632 787 759 877 De
809 789 1362 878 carminibus
1422 790 1525 877 in
1586 661 1885 877 egnice
1933 787 2353 876 Parisino
2402 787 2834 878 servatis.

834 957 1183 1024 Locuturus
1245 957 1470 1024 deinde
1532 979 1569 1024 e
1628 979 1803 1024 more
1854 961 2213 1038 auctorum,
2278 958 2391 1044 qui
2438 959 2516 1024 de
2570 960 2713 1025 vita
2753 964 2833 1024 et

631 1057 888 1144 seriptis
934 1063 1270 1144 poetarum
1323 1059 1628 1142 egerunt,
1692 1055 1769 1122 de
1833 1055 2045 1122 indole
2093 1061 2287 1142 atque
2338 1061 2479 1124 arte
2526 1055 2830 1124 Mai-neri

631 1159 824 1242 plane
865 1155 1037 1223 nihil
1077 1157 1284 1224 dicere
1327 1157 1566 1236 videar,
1608 1155 1736 1223 n‘ni
1784 1157 1965 1243 prius
2017 1156 2235 1242 paucis
2284 1155 2825 1238 adumbrat-erim,

631 1273 944 1338 quaenam
983 1253 1272 1320 earmina
1313 1254 1396 1320 ab
1438 1254 1576 1340 ipso
1610 1259 1801 1341 poeta
1826 1253 2113 1341 profecta
2136 1254 2286 1321 sint.
2350 1255 2625 1323 Uberius
2648 1257 2827 1324 hane

630 1377 768 1420 rem
811 1355 990 1421 infra
1037 1355 1334 1421 tractabo
1380 1355 1637 1440 singula
1697 1353 1986 1421 carmina
2044 1359 2554 1442 perscrutaturus
2614 1361 2688 1423 et
2746 1357 2823 1423 in

631 1457 1106 1543 quaestionibus
1165 1456 1720 1544 interpretationis
1781 1461 1851 1523 et
1910 1456 2071 1524 artis
2118 1455 2382 1522 criticae
2432 1461 2819 1523 versaturus.

630 1557 766 1622 Hoc
808 1558 945 1623 loeo
987 1555 1054 1622 id
1092 1555 1507 1644 praecipuum
1548 1553 2071 1622 considerandum
2110 1557 2232 1632 est,
2298 1553 2431 1619 tria
2487 1575 2615 1620 esse
2668 1575 2819 1620 car-

629 1655 874 1721 minum
913 1675 1174 1742 genera,
1217 1675 1486 1740 quorum
1526 1655 1845 1722 rationem
1886 1653 2121 1721 habere
2162 1653 2513 1720 debeamus.

823 1755 1042 1822 Primo
1083 1757 1220 1822 loco
1259 1753 1449 1820 enim
1472 1751 1633 1820 haec
1659 1752 1977 1820 afferenda
2002 1757 2171 1832 sunt,
2216 1751 2443 1837 quibus
2482 1751 2554 1818 in
2578 1753 2818 1821 codici·

626 1857 740 1922 bus
765 1853 1218 1942 manuscriptis
1245 1852 1454 1938 ipsum
1493 1856 1719 1938 poetae
1760 1872 1991 1918 nomen
2030 1850 2533 1938 suprascriptum
2556 1857 2671 1931 eat,
2716 1856 2815 1921 ita

625 1961 700 2021 ut
741 1959 1072 2043 appareat,
1116 1973 1262 2020 eum
1303 1951 1416 2036 qui
1456 1949 1902 2037 conscripserit
1948 1950 2187 2018 librum
2237 1972 2277 2016 a
2325 1949 2627 2018 Marnero
2677 1953 2817 2040 ipso

625 2053 972 2140 composita
1026 2073 1155 2119 esse
1204 2049 1362 2114 haee
1417 2046 1705 2113 carmina
1754 2046 2101 2133 putavisse·
2159 2069 2352 2135 porro
2402 2055 2616 2118 autem
2662 2075 2814 2140 per·

626 2155 868 2219 multae
893 2150 1194 2238 strophae
1221 2152 1448 2217 extant
1472 2149 1590 2214 sub
1610 2149 1825 2216 titulis
1849 2169 1978 2215 non
2018 2147 2117 2215 ita
2140 2148 2475 2232 distinctis,
2516 2173 2633 2240 per
2658 2175 2815 2240 quos

625 2255 794 2322 nihil
835 2253 1011 2320 aliud
1051 2253 1294 2320 scribae
1335 2249 1576 2330 dieunt,
1621 2271 1814 2335 quam
1855 2271 2017 2335 quae
2058 2250 2449 2337 subscriptae
2489 2254 2623 2318 sint
2660 2274 2809 2341 per..

625 2355 822 2421 sectas
883 2376 1012 2421 eme
1075 2351 1156 2420 ad
1219 2349 1629 2439 rythmorum
1702 2351 1873 2437 leges
1936 2372 1977 2417 a
2037 2345 2338 2417 Marnero
2406 2351 2807 2421 inventorum

626 2455 840 2539 (sieutt
872 2456 986 2536 „in
1011 2454 1117 2521 des
1135 2452 1428 2519 Mamers
1457 2452 1683 2537 langer
1710 2451 1890 2526 ποίεε
1918 2451 1988 2515 in
2014 2450 2305 2517 Marners
2332 2450 2609 2519 hofdon“
2632 2458 2806 2542 ete.);

625 2556 695 2621 in
737 2555 1062 2623 nonnullis
1101 2554 1372 2639 denique
1399 2552 1717 2619 codicibus
1742 2548 1879 2617 sine
1902 2551 2042 2617 ullo·
2066 2550 2499 2621 additamento
2522 2558 2804 2623 earmina

624 2656 693 2720 in
733 2656 1142 2743 stropharum
1181 2654 1402 2721 formis
1447 2652 1879 2720 Max-aerianis
1920 2652 2231 2720 feruntur.

821 2754 1002 2820 Solus
1048 2752 1424 2819 Parisiensis
1485 2773 1566 2818 ex
1626 2750 1918 2819 omnibus
1980 2752 2167 2823 libris
2232 2753 2343 2839 qui
2396 2752 2803 2825 Memoriana

577 2850 581 2854 ’
624 2856 1131 2941 complectuntur
1191 2852 1288 2920 ita
1344 2854 1464 2919 sub
1538 2858 1763 2940 poetae
1832 2853 2090 2921 nomine
2158 2852 2514 2921 carminum
2582 2857 2801 2923 seriem

625 2952 965 3041 memoriae
1005 2950 1229 3030 tradit,
1271 2956 1349 3017 ut
1386 2952 1596 3019 scriba
1636 2950 1795 3017 haee
1835 2951 2053 3019 omnia
2091 2951 2308 3019 deberi
2348 2952 2452 3019 illi
2494 2955 2635 3022 viro
2658 2976 2799 3023 een·

623 3053 814 3119 suisse
857 3051 1029 3133 haud
1067 3050 1257 3119 dubie
1297 3056 1734 3137 cognoscatur.
1806 3051 2033 3139 Magni
2074 3051 2282 3139 igitur
2314 3055 2623 3121 momenti
2648 3062 2799 3123 esset

527 3228 532 3232 .
625 3152 704 3218 ad
747 3152 1140 3238 quaestiones
1165 3152 1348 3219 nobis
1372 3152 1729 3239 propositas
1756 3150 2205 3229 diiudicandus,
2247 3151 2302 3219 si
2328 3174 2449 3239 pro
2475 3156 2797 3241 explorato

625 3252 1020 3333 haberemus,
1083 3251 1238 3337 quid
1293 3252 1398 3319 illi
1447 3253 1694 3320 scribae
1759 3252 1831 3319 in
1890 3251 2129 3317 talibus
2177 3254 2364 3319 rebus
2405 3257 2797 3324 auctoritatis

623 3352 1100 3421 attribuendum
1138 3352 1258 3430 sit3
1298 3354 1438 3441 egit
1477 3353 1555 3419 de
1597 3352 1719 3419 hae
1759 3374 1831 3420 re
1858 3352 2225 3420 Wilmanns
2264 3350 2391 3419 ΗΖ.
2440 3356 2537 3421 13.
2580 3378 2643 3444 p.
2680 3358 2793 3425 217

622 3474 711 3537 sq.
729 3500 745 3529 ,
810 3448 924 3516 ubi
984 3450 1280 3537 exponit,
1359 3450 1669 3538 quomodo
1720 3449 2079 3518 Waltharii
2127 3452 2413 3519 carmina
2464 3456 2795 3523 memoriae

621 3551 867 3619 tradita
904 3552 1054 3619 sint.
1139 3550 1218 3618 In
1266 3552 1633 3619 universum
1694 3552 1801 3619 hic
1864 3553 2031 3619 liber
2083 3557 2200 3620 aut
2252 3554 2458 3621 fontes
2499 3576 2533 3621 e
2577 3557 2791 3641 quibus

621 3652 942 3721 derivatus
983 3656 1079 3719 est
1121 3675 1250 3721 non
1292 3658 1531 3721 temere
1582 3654 1815 3721 incerti
1865 3654 2147 3722 auctoris
2202 3654 2487 3721 carmina
2540 3654 2793 3722 cuilibet

623 3759 848 3839 poetae
888 3753 1212 3821 vindicare
1253 3753 1555 3821 videntur
1594 3758 1661 3821 et
1703 3777 1744 3820 a
1784 3758 1964 3821 reeta
2019 3755 2127 3821 via
2180 3776 2310 3819 non
2350 3753 2789 3834 aberrabimus,
2898 3768 2903 3773 ’

620 3855 675 3919 si
715 3854 1062 3941 diligenter
1099 3854 1486 3940 perscrutati
1528 3870 1691 3940 quae
1738 3854 1855 3921 sub
1896 3854 2150 3921 nomine
2206 3858 2429 3940 poetae
2478 3853 2791 3921 Parisinus

622 3952 811 4020 affert
835 3953 1211 4039 intellegere
1237 3953 1643 4033 studebimus,
1685 3976 1848 4040 quae
1887 3955 1975 4023 sit
2015 3956 2191 4021 illius
2217 3952 2457 4019 indoles
2482 3972 2787 4053 genusque

619 4052 868 4119 dicendi
909 4058 977 4119 et
1016 4074 1120 4120 ars
1145 4052 1414 4119 metrica
1455 4056 1525 4118 et
1563 4052 1661 4119 ita
1701 4052 1973 4138 quodam
2010 4054 2195 4121 modo
2236 4072 2526 4118 normam
2558 4058 2787 4121 certam

615 4155 812 4235 atque
844 4122 1142 4237 regulam
1170 4148 1387 4236 adepti
1413 4146 1853 4217 adhibebimus
1877 4150 2061 4217 illam
2087 4149 2168 4217 ad
2194 4155 2447 4218 caetera
2469 4152 2783 4239 exigenda.
2858 4151 2865 4159 ’

815 4244 1098 4312 Exhibet
1137 4245 1463 4312 Parisinus
1503 4246 1795 4331 strophas
1835 4246 2163 4335 octoginta
2202 4255 2273 4315 et
2324 4272 2520 4315 unam
2571 4252 2715 4319 inde
2750 4278 2785 4319 a
